git_commit,timestamp,host_name,num_cpus,mhz_per_cpu,cpu_scaling_enabled,memory_gb,load_avg_1m,dataset_size,bench_name,run_type,aggregate_name,iterations,real_time_ns,cpu_time_ns,ops_per_us,scans_per_us,lat_p50_ns,lat_p99_ns
bd497cd,2026-04-07T11:16:18+01:00,linuxpc,16,4427,True,31.26,1.37451,50000,ByteCask/Put/NoSync/real_time,iteration,,127396,5730.525157663956,5701.112515306604,174504.0764130681,,5180.0,10460.0
bd497cd,2026-04-07T11:16:18+01:00,linuxpc,16,4427,True,31.26,1.37451,50000,ByteCask/Put/NoSync/real_time,iteration,,127396,7263.748563703473,6072.931481365191,137669.96354980423,,5200.0,11290.0
bd497cd,2026-04-07T11:16:18+01:00,linuxpc,16,4427,True,31.26,1.37451,50000,ByteCask/Put/NoSync/real_time,iteration,,127396,5547.290283961089,5521.2595842883575,180268.19380469515,,5090.0,10200.0
bd497cd,2026-04-07T11:16:18+01:00,linuxpc,16,4427,True,31.26,1.37451,50000,ByteCask/Put/NoSync/real_time_mean,aggregate,mean,3,6180.521335109505,5765.101193653384,164147.4112558558,,5156.666666666666,10650.0
bd497cd,2026-04-07T11:16:18+01:00,linuxpc,16,4427,True,31.26,1.37451,50000,ByteCask/Put/NoSync/real_time_median,aggregate,median,3,5730.525157663956,5701.112515306603,174504.0764130681,,5180.0,10460.0
bd497cd,2026-04-07T11:16:18+01:00,linuxpc,16,4427,True,31.26,1.37451,50000,ByteCask/Put/NoSync/real_time_stddev,aggregate,stddev,3,942.5654758746305,281.347443072625,23110.553651873935,,58.59465277090792,569.2978130995982
bd497cd,2026-04-07T11:16:18+01:00,linuxpc,16,4427,True,31.26,1.37451,50000,ByteCask/Put/NoSync/real_time_cv,aggregate,cv,3,0.15250582026474474,0.0488018221401476,0.1407914597925131,,0.011362893232884537,0.053455193718272134
bd497cd,2026-04-07T11:16:18+01:00,linuxpc,16,4427,True,31.26,1.37451,50000,ByteCask/Put/Sync/real_time,iteration,,350,1984482.5629011863,213517.6085714287,503.9096934860764,,1930033.0,2901215.0
bd497cd,2026-04-07T11:16:18+01:00,linuxpc,16,4427,True,31.26,1.37451,50000,ByteCask/Put/Sync/real_time,iteration,,350,2099193.0799625283,252980.78285714303,476.3735215904249,,2035545.0,4339032.0
bd497cd,2026-04-07T11:16:18+01:00,linuxpc,16,4427,True,31.26,1.37451,50000,ByteCask/Put/Sync/real_time,iteration,,350,2052171.7172648225,223201.1428571428,487.28865698082075,,2008564.0,2903424.0
bd497cd,2026-04-07T11:16:18+01:00,linuxpc,16,4427,True,31.26,1.37451,50000,ByteCask/Put/Sync/real_time_mean,aggregate,mean,3,2045282.4533761789,229899.84476190482,489.1906240191073,,1991380.6666666665,3381223.6666666665
bd497cd,2026-04-07T11:16:18+01:00,linuxpc,16,4427,True,31.26,1.37451,50000,ByteCask/Put/Sync/real_time_median,aggregate,median,3,2052171.7172648227,223201.1428571428,487.28865698082075,,2008564.0,2903424.0
bd497cd,2026-04-07T11:16:18+01:00,linuxpc,16,4427,True,31.26,1.37451,50000,ByteCask/Put/Sync/real_time_stddev,aggregate,stddev,3,57664.7392157129,20566.720365260626,13.866264804474433,,54814.64899398463,829487.0839695649
bd497cd,2026-04-07T11:16:18+01:00,linuxpc,16,4427,True,31.26,1.37451,50000,ByteCask/Put/Sync/real_time_cv,aggregate,cv,3,0.028194022356435335,0.08945947913344829,0.028345320052439987,,0.027525952175551552,0.2453215657239568
bd497cd,2026-04-07T11:16:18+01:00,linuxpc,16,4427,True,31.26,1.37451,50000,ByteCask/Del/Sync/real_time,iteration,,386,1576773.5700241239,174492.1917098448,634.2064701050897,,1997634.0,3289089.0
bd497cd,2026-04-07T11:16:18+01:00,linuxpc,16,4427,True,31.26,1.37451,50000,ByteCask/Del/Sync/real_time,iteration,,386,144.4067224532057,144.19689119203096,6924885.372452416,,100.0,170.0
bd497cd,2026-04-07T11:16:18+01:00,linuxpc,16,4427,True,31.26,1.37451,50000,ByteCask/Del/Sync/real_time,iteration,,386,137.79789098379217,137.77202072564,7257005.117136519,,100.0,110.0
bd497cd,2026-04-07T11:16:18+01:00,linuxpc,16,4427,True,31.26,1.37451,50000,ByteCask/Del/Sync/real_time_mean,aggregate,mean,3,525685.2582125202,58258.05354058748,4727508.23201968,,665944.6666666666,1096456.3333333333
bd497cd,2026-04-07T11:16:18+01:00,linuxpc,16,4427,True,31.26,1.37451,50000,ByteCask/Del/Sync/real_time_median,aggregate,median,3,144.4067224532057,144.19689119203096,6924885.372452416,,100.0,170.0
bd497cd,2026-04-07T11:16:18+01:00,linuxpc,16,4427,True,31.26,1.37451,50000,ByteCask/Del/Sync/real_time_stddev,aggregate,stddev,3,910269.1796557456,100661.7164928268,4096959.777843041,,1153276.79261543,1898875.5907379328
bd497cd,2026-04-07T11:16:18+01:00,linuxpc,16,4427,True,31.26,1.37451,50000,ByteCask/Del/Sync/real_time_cv,aggregate,cv,3,1.731585897521495,1.7278592464936602,0.8666213947749687,,1.7317907182710326,1.731829652499856
bd497cd,2026-04-07T11:16:18+01:00,linuxpc,16,4427,True,31.26,1.37451,50000,ByteCask/Get/real_time,iteration,,831743,821.7434892707709,817.2885254219152,1216924.761871149,,750.0,1270.0
bd497cd,2026-04-07T11:16:18+01:00,linuxpc,16,4427,True,31.26,1.37451,50000,ByteCask/Get/real_time,iteration,,831743,795.2973478726772,791.2401462951893,1257391.3425901358,,740.0,1150.0
bd497cd,2026-04-07T11:16:18+01:00,linuxpc,16,4427,True,31.26,1.37451,50000,ByteCask/Get/real_time,iteration,,831743,741.3697920872556,737.9969425651911,1348854.5266790485,,680.0,1150.0
bd497cd,2026-04-07T11:16:18+01:00,linuxpc,16,4427,True,31.26,1.37451,50000,ByteCask/Get/real_time_mean,aggregate,mean,3,786.1368764102345,782.1752047607652,1274390.2103801111,,723.3333333333333,1190.0
bd497cd,2026-04-07T11:16:18+01:00,linuxpc,16,4427,True,31.26,1.37451,50000,ByteCask/Get/real_time_median,aggregate,median,3,795.2973478726773,791.2401462951893,1257391.3425901358,,740.0,1150.0
bd497cd,2026-04-07T11:16:18+01:00,linuxpc,16,4427,True,31.26,1.37451,50000,ByteCask/Get/real_time_stddev,aggregate,stddev,3,40.96240322292615,40.41557437112616,67587.62342450433,,37.8593889720031,69.2820323027551
bd497cd,2026-04-07T11:16:18+01:00,linuxpc,16,4427,True,31.26,1.37451,50000,ByteCask/Get/real_time_cv,aggregate,cv,3,0.052105942937029304,0.051670743492166306,0.05303526570903667,,0.052340169085718584,0.05822019521239924
bd497cd,2026-04-07T11:16:18+01:00,linuxpc,16,4427,True,31.26,1.37451,50000,ByteCask/Range50/real_time,iteration,,21394,32386.161399743334,32256.958493035407,,30877.3857962656,32041.0,38701.0
bd497cd,2026-04-07T11:16:18+01:00,linuxpc,16,4427,True,31.26,1.37451,50000,ByteCask/Range50/real_time,iteration,,21394,34148.85664100678,33949.03949705525,,29283.55729483416,32200.0,49890.0
bd497cd,2026-04-07T11:16:18+01:00,linuxpc,16,4427,True,31.26,1.37451,50000,ByteCask/Range50/real_time,iteration,,21394,33640.510329725585,33498.724408712726,,29726.06509825671,32341.0,40630.0
bd497cd,2026-04-07T11:16:18+01:00,linuxpc,16,4427,True,31.26,1.37451,50000,ByteCask/Range50/real_time_mean,aggregate,mean,3,33391.84279015856,33234.90746626778,,29962.336063118826,32194.0,43073.666666666664
bd497cd,2026-04-07T11:16:18+01:00,linuxpc,16,4427,True,31.26,1.37451,50000,ByteCask/Range50/real_time_median,aggregate,median,3,33640.51032972558,33498.72440871272,,29726.06509825671,32200.0,40630.0
bd497cd,2026-04-07T11:16:18+01:00,linuxpc,16,4427,True,31.26,1.37451,50000,ByteCask/Range50/real_time_stddev,aggregate,stddev,3,907.2763015307751,876.3470005550436,,822.7638176422347,150.08997301618786,5981.392842251157
bd497cd,2026-04-07T11:16:18+01:00,linuxpc,16,4427,True,31.26,1.37451,50000,ByteCask/Range50/real_time_cv,aggregate,cv,3,0.027170596939866194,0.02636826961063465,,0.027459935564069362,0.004662047990811575,0.1388642598861909
bd497cd,2026-04-07T11:16:18+01:00,linuxpc,16,4427,True,31.26,1.37451,50000,ByteCask/Mixed/Sync/real_time,iteration,,1716,304740.7528975466,33924.45687645675,3281.477749502701,,830.0,2125405.0
bd497cd,2026-04-07T11:16:18+01:00,linuxpc,16,4427,True,31.26,1.37451,50000,ByteCask/Mixed/Sync/real_time,iteration,,1716,214132.0227011973,26402.488927738195,4670.016130167572,,830.0,2142485.0
bd497cd,2026-04-07T11:16:18+01:00,linuxpc,16,4427,True,31.26,1.37451,50000,ByteCask/Mixed/Sync/real_time,iteration,,1716,206521.7622424452,24384.7803030301,4842.104721274143,,810.0,2113596.0
bd497cd,2026-04-07T11:16:18+01:00,linuxpc,16,4427,True,31.26,1.37451,50000,ByteCask/Mixed/Sync/real_time_mean,aggregate,mean,3,241798.17928039635,28237.24203574168,4264.532866981472,,823.3333333333333,2127162.0
bd497cd,2026-04-07T11:16:18+01:00,linuxpc,16,4427,True,31.26,1.37451,50000,ByteCask/Mixed/Sync/real_time_median,aggregate,median,3,214132.0227011973,26402.48892773819,4670.016130167572,,830.0,2125405.0
bd497cd,2026-04-07T11:16:18+01:00,linuxpc,16,4427,True,31.26,1.37451,50000,ByteCask/Mixed/Sync/real_time_stddev,aggregate,stddev,3,54642.517294002,5027.533839457744,855.6878191245702,,11.547005383799236,14524.423121040762
bd497cd,2026-04-07T11:16:18+01:00,linuxpc,16,4427,True,31.26,1.37451,50000,ByteCask/Mixed/Sync/real_time_cv,aggregate,cv,3,0.22598398985724746,0.17804620695937914,0.20065218062916337,,0.014024702895302717,0.006828075680667839
bd497cd,2026-04-07T11:16:18+01:00,linuxpc,16,4427,True,31.26,1.37451,50000,ByteCask/Recovery/Parallel/1/real_time,iteration,,56,13899878.947995603,11746100.500000102,,,,
bd497cd,2026-04-07T11:16:18+01:00,linuxpc,16,4427,True,31.26,1.37451,50000,ByteCask/Recovery/Parallel/1/real_time,iteration,,56,15497973.070263728,13251936.64285724,,,,
bd497cd,2026-04-07T11:16:18+01:00,linuxpc,16,4427,True,31.26,1.37451,50000,ByteCask/Recovery/Parallel/1/real_time,iteration,,56,16833799.004546434,14957703.999999993,,,,
bd497cd,2026-04-07T11:16:18+01:00,linuxpc,16,4427,True,31.26,1.37451,50000,ByteCask/Recovery/Parallel/1/real_time_mean,aggregate,mean,3,15410550.340935254,13318580.380952446,,,,
bd497cd,2026-04-07T11:16:18+01:00,linuxpc,16,4427,True,31.26,1.37451,50000,ByteCask/Recovery/Parallel/1/real_time_median,aggregate,median,3,15497973.070263728,13251936.642857239,,,,
bd497cd,2026-04-07T11:16:18+01:00,linuxpc,16,4427,True,31.26,1.37451,50000,ByteCask/Recovery/Parallel/1/real_time_stddev,aggregate,stddev,3,1468912.4462540818,1606838.6045814743,,,,
bd497cd,2026-04-07T11:16:18+01:00,linuxpc,16,4427,True,31.26,1.37451,50000,ByteCask/Recovery/Parallel/1/real_time_cv,aggregate,cv,3,95318623.52457264,120646387.12392297,,,,
bd497cd,2026-04-07T11:16:18+01:00,linuxpc,16,4427,True,31.26,1.37451,50000,ByteCask/Recovery/Parallel/2/real_time,iteration,,45,17208621.846253257,5191596.155555445,,,,
bd497cd,2026-04-07T11:16:18+01:00,linuxpc,16,4427,True,31.26,1.37451,50000,ByteCask/Recovery/Parallel/2/real_time,iteration,,45,17418790.52974077,5768550.666666686,,,,
bd497cd,2026-04-07T11:16:18+01:00,linuxpc,16,4427,True,31.26,1.37451,50000,ByteCask/Recovery/Parallel/2/real_time,iteration,,45,18700871.088852484,6423685.844444628,,,,
bd497cd,2026-04-07T11:16:18+01:00,linuxpc,16,4427,True,31.26,1.37451,50000,ByteCask/Recovery/Parallel/2/real_time_mean,aggregate,mean,3,17776094.48828217,5794610.88888892,,,,
bd497cd,2026-04-07T11:16:18+01:00,linuxpc,16,4427,True,31.26,1.37451,50000,ByteCask/Recovery/Parallel/2/real_time_median,aggregate,median,3,17418790.529740766,5768550.666666686,,,,
bd497cd,2026-04-07T11:16:18+01:00,linuxpc,16,4427,True,31.26,1.37451,50000,ByteCask/Recovery/Parallel/2/real_time_stddev,aggregate,stddev,3,807744.7242795894,616458.1102990466,,,,
bd497cd,2026-04-07T11:16:18+01:00,linuxpc,16,4427,True,31.26,1.37451,50000,ByteCask/Recovery/Parallel/2/real_time_cv,aggregate,cv,3,45439943.223301776,106384729.21125661,,,,
bd497cd,2026-04-07T11:16:18+01:00,linuxpc,16,4427,True,31.26,1.37451,50000,ByteCask/Recovery/Parallel/4/real_time,iteration,,39,19104627.453578778,7188733.743589911,,,,
bd497cd,2026-04-07T11:16:18+01:00,linuxpc,16,4427,True,31.26,1.37451,50000,ByteCask/Recovery/Parallel/4/real_time,iteration,,39,19242997.56781413,7781010.12820515,,,,
bd497cd,2026-04-07T11:16:18+01:00,linuxpc,16,4427,True,31.26,1.37451,50000,ByteCask/Recovery/Parallel/4/real_time,iteration,,39,19957600.745002333,8337831.743589664,,,,
bd497cd,2026-04-07T11:16:18+01:00,linuxpc,16,4427,True,31.26,1.37451,50000,ByteCask/Recovery/Parallel/4/real_time_mean,aggregate,mean,3,19435075.25546508,7769191.871794909,,,,
bd497cd,2026-04-07T11:16:18+01:00,linuxpc,16,4427,True,31.26,1.37451,50000,ByteCask/Recovery/Parallel/4/real_time_median,aggregate,median,3,19242997.56781413,7781010.12820515,,,,
bd497cd,2026-04-07T11:16:18+01:00,linuxpc,16,4427,True,31.26,1.37451,50000,ByteCask/Recovery/Parallel/4/real_time_stddev,aggregate,stddev,3,457778.5900853456,574640.1541741692,,,,
bd497cd,2026-04-07T11:16:18+01:00,linuxpc,16,4427,True,31.26,1.37451,50000,ByteCask/Recovery/Parallel/4/real_time_cv,aggregate,cv,3,23554248.39204673,73963954.50861876,,,,
bd497cd,2026-04-07T11:16:18+01:00,linuxpc,16,4427,True,31.26,1.37451,50000,ByteCask/Recovery/Parallel/8/real_time,iteration,,35,19930014.488220748,9145242.228571502,,,,
bd497cd,2026-04-07T11:16:18+01:00,linuxpc,16,4427,True,31.26,1.37451,50000,ByteCask/Recovery/Parallel/8/real_time,iteration,,35,20946881.943382323,9637325.514285777,,,,
bd497cd,2026-04-07T11:16:18+01:00,linuxpc,16,4427,True,31.26,1.37451,50000,ByteCask/Recovery/Parallel/8/real_time,iteration,,35,21499914.855563216,10324159.657142827,,,,
bd497cd,2026-04-07T11:16:18+01:00,linuxpc,16,4427,True,31.26,1.37451,50000,ByteCask/Recovery/Parallel/8/real_time_mean,aggregate,mean,3,20792270.42905543,9702242.466666702,,,,
bd497cd,2026-04-07T11:16:18+01:00,linuxpc,16,4427,True,31.26,1.37451,50000,ByteCask/Recovery/Parallel/8/real_time_median,aggregate,median,3,20946881.94338232,9637325.514285777,,,,
bd497cd,2026-04-07T11:16:18+01:00,linuxpc,16,4427,True,31.26,1.37451,50000,ByteCask/Recovery/Parallel/8/real_time_stddev,aggregate,stddev,3,796288.4722997284,592133.6283957872,,,,
bd497cd,2026-04-07T11:16:18+01:00,linuxpc,16,4427,True,31.26,1.37451,50000,ByteCask/Recovery/Parallel/8/real_time_cv,aggregate,cv,3,38297331.45385523,61030594.77539737,,,,
bd497cd,2026-04-07T11:16:18+01:00,linuxpc,16,4427,True,31.26,1.37451,50000,ByteCask/Recovery/Parallel/16/real_time,iteration,,32,21814339.443153586,11220430.281250026,,,,
bd497cd,2026-04-07T11:16:18+01:00,linuxpc,16,4427,True,31.26,1.37451,50000,ByteCask/Recovery/Parallel/16/real_time,iteration,,32,22156064.347655047,12011833.656250248,,,,
bd497cd,2026-04-07T11:16:18+01:00,linuxpc,16,4427,True,31.26,1.37451,50000,ByteCask/Recovery/Parallel/16/real_time,iteration,,32,22685860.851197504,12314102.96875024,,,,
bd497cd,2026-04-07T11:16:18+01:00,linuxpc,16,4427,True,31.26,1.37451,50000,ByteCask/Recovery/Parallel/16/real_time_mean,aggregate,mean,3,22218754.88066871,11848788.968750171,,,,
bd497cd,2026-04-07T11:16:18+01:00,linuxpc,16,4427,True,31.26,1.37451,50000,ByteCask/Recovery/Parallel/16/real_time_median,aggregate,median,3,22156064.347655047,12011833.656250248,,,,
bd497cd,2026-04-07T11:16:18+01:00,linuxpc,16,4427,True,31.26,1.37451,50000,ByteCask/Recovery/Parallel/16/real_time_stddev,aggregate,stddev,3,439129.7853334524,564772.2235003033,,,,
bd497cd,2026-04-07T11:16:18+01:00,linuxpc,16,4427,True,31.26,1.37451,50000,ByteCask/Recovery/Parallel/16/real_time_cv,aggregate,cv,3,19763924.11239545,47664974.45349273,,,,
bd497cd,2026-04-07T11:16:18+01:00,linuxpc,16,4427,True,31.26,1.37451,50000,ByteCask/Recovery/Parallel/32/real_time,iteration,,30,23812502.874837566,13592907.133333534,,,,
bd497cd,2026-04-07T11:16:18+01:00,linuxpc,16,4427,True,31.26,1.37451,50000,ByteCask/Recovery/Parallel/32/real_time,iteration,,30,24139083.76280839,14149504.49999992,,,,
bd497cd,2026-04-07T11:16:18+01:00,linuxpc,16,4427,True,31.26,1.37451,50000,ByteCask/Recovery/Parallel/32/real_time,iteration,,30,25268848.923345406,14480851.000000073,,,,
bd497cd,2026-04-07T11:16:18+01:00,linuxpc,16,4427,True,31.26,1.37451,50000,ByteCask/Recovery/Parallel/32/real_time_mean,aggregate,mean,3,24406811.85366379,14074420.877777843,,,,
bd497cd,2026-04-07T11:16:18+01:00,linuxpc,16,4427,True,31.26,1.37451,50000,ByteCask/Recovery/Parallel/32/real_time_median,aggregate,median,3,24139083.76280839,14149504.499999922,,,,
bd497cd,2026-04-07T11:16:18+01:00,linuxpc,16,4427,True,31.26,1.37451,50000,ByteCask/Recovery/Parallel/32/real_time_stddev,aggregate,stddev,3,764195.4600925917,448708.4134849331,,,,
bd497cd,2026-04-07T11:16:18+01:00,linuxpc,16,4427,True,31.26,1.37451,50000,ByteCask/Recovery/Parallel/32/real_time_cv,aggregate,cv,3,31310744.913120463,31881127.996776093,,,,
bd497cd,2026-04-07T11:16:18+01:00,linuxpc,16,4427,True,31.26,1.37451,50000,ByteCask/Recovery/Parallel/64/real_time,iteration,,26,25199580.27271339,16427779.92307715,,,,
bd497cd,2026-04-07T11:16:18+01:00,linuxpc,16,4427,True,31.26,1.37451,50000,ByteCask/Recovery/Parallel/64/real_time,iteration,,26,26047078.932886228,16974012.46153887,,,,
bd497cd,2026-04-07T11:16:18+01:00,linuxpc,16,4427,True,31.26,1.37451,50000,ByteCask/Recovery/Parallel/64/real_time,iteration,,26,26570661.58001096,17674454.846154112,,,,
bd497cd,2026-04-07T11:16:18+01:00,linuxpc,16,4427,True,31.26,1.37451,50000,ByteCask/Recovery/Parallel/64/real_time_mean,aggregate,mean,3,25939106.92853686,17025415.743590042,,,,
bd497cd,2026-04-07T11:16:18+01:00,linuxpc,16,4427,True,31.26,1.37451,50000,ByteCask/Recovery/Parallel/64/real_time_median,aggregate,median,3,26047078.932886228,16974012.46153887,,,,
bd497cd,2026-04-07T11:16:18+01:00,linuxpc,16,4427,True,31.26,1.37451,50000,ByteCask/Recovery/Parallel/64/real_time_stddev,aggregate,stddev,3,691888.3241519353,624925.0467147693,,,,
bd497cd,2026-04-07T11:16:18+01:00,linuxpc,16,4427,True,31.26,1.37451,50000,ByteCask/Recovery/Parallel/64/real_time_cv,aggregate,cv,3,26673559.96712268,36705420.6561769,,,,
bd497cd,2026-04-07T11:16:18+01:00,linuxpc,16,4427,True,31.26,1.37451,50000,LevelDB/Put/NoSync/real_time,iteration,,131709,5250.520860049301,5174.359299668197,190457.2949340897,,4580.0,10750.0
bd497cd,2026-04-07T11:16:18+01:00,linuxpc,16,4427,True,31.26,1.37451,50000,LevelDB/Put/NoSync/real_time,iteration,,131709,6024.688616528668,5911.934469170688,165983.68208715564,,5310.0,12151.0
bd497cd,2026-04-07T11:16:18+01:00,linuxpc,16,4427,True,31.26,1.37451,50000,LevelDB/Put/NoSync/real_time,iteration,,131709,5073.988740365482,4913.789839722434,197083.60644252622,,4260.0,10520.0
bd497cd,2026-04-07T11:16:18+01:00,linuxpc,16,4427,True,31.26,1.37451,50000,LevelDB/Put/NoSync/real_time_mean,aggregate,mean,3,5449.73273898115,5333.361202853774,184508.1944879238,,4716.666666666666,11140.333333333332
bd497cd,2026-04-07T11:16:18+01:00,linuxpc,16,4427,True,31.26,1.37451,50000,LevelDB/Put/NoSync/real_time_median,aggregate,median,3,5250.5208600493015,5174.359299668197,190457.2949340897,,4580.0,10750.0
bd497cd,2026-04-07T11:16:18+01:00,linuxpc,16,4427,True,31.26,1.37451,50000,LevelDB/Put/NoSync/real_time_stddev,aggregate,stddev,3,505.689225873804,517.7203678015483,16381.24448313964,,538.175931581242,882.7855534235823
bd497cd,2026-04-07T11:16:18+01:00,linuxpc,16,4427,True,31.26,1.37451,50000,LevelDB/Put/NoSync/real_time_cv,aggregate,cv,3,0.09279156430125134,0.09707206170932631,0.08878328969942743,,0.11410090422217146,0.07924229257864059
bd497cd,2026-04-07T11:16:18+01:00,linuxpc,16,4427,True,31.26,1.37451,50000,LevelDB/Put/Sync/real_time,iteration,,305,2094308.8523784012,244166.0852459101,477.48449273102693,,2038914.0,3348720.0
bd497cd,2026-04-07T11:16:18+01:00,linuxpc,16,4427,True,31.26,1.37451,50000,LevelDB/Put/Sync/real_time,iteration,,305,2068883.8917059733,211950.1573770601,483.35240271768646,,2008824.0,3391831.0
bd497cd,2026-04-07T11:16:18+01:00,linuxpc,16,4427,True,31.26,1.37451,50000,LevelDB/Put/Sync/real_time,iteration,,305,2091161.209754035,236748.2327868837,478.2032085023331,,2023834.0,3617134.0
bd497cd,2026-04-07T11:16:18+01:00,linuxpc,16,4427,True,31.26,1.37451,50000,LevelDB/Put/Sync/real_time_mean,aggregate,mean,3,2084784.65127947,230954.82513661796,479.68003465034883,,2023857.3333333333,3452561.6666666665
bd497cd,2026-04-07T11:16:18+01:00,linuxpc,16,4427,True,31.26,1.37451,50000,LevelDB/Put/Sync/real_time_median,aggregate,median,3,2091161.209754035,236748.2327868837,478.2032085023331,,2023834.0,3391831.0
bd497cd,2026-04-07T11:16:18+01:00,linuxpc,16,4427,True,31.26,1.37451,50000,LevelDB/Put/Sync/real_time_stddev,aggregate,stddev,3,13860.105691637784,16871.253102966886,3.2006020537414317,,15045.013570391087,144144.6469846694
bd497cd,2026-04-07T11:16:18+01:00,linuxpc,16,4427,True,31.26,1.37451,50000,LevelDB/Put/Sync/real_time_cv,aggregate,cv,3,0.006648219365550099,0.07305001353830534,0.0066723687094344735,,0.007433831092042269,0.041750057175325206
bd497cd,2026-04-07T11:16:18+01:00,linuxpc,16,4427,True,31.26,1.37451,50000,LevelDB/Del/Sync/real_time,iteration,,334,2169937.0328730117,241416.35029940223,460.84286541531253,,2097146.0,5063531.0
bd497cd,2026-04-07T11:16:18+01:00,linuxpc,16,4427,True,31.26,1.37451,50000,LevelDB/Del/Sync/real_time,iteration,,334,2198085.5748835327,254343.81137724733,454.94134142297247,,2080975.0,4720076.0
bd497cd,2026-04-07T11:16:18+01:00,linuxpc,16,4427,True,31.26,1.37451,50000,LevelDB/Del/Sync/real_time,iteration,,334,2173115.1558227367,249998.84431137974,460.16889501716355,,2086285.0,5107892.0
bd497cd,2026-04-07T11:16:18+01:00,linuxpc,16,4427,True,31.26,1.37451,50000,LevelDB/Del/Sync/real_time_mean,aggregate,mean,3,2180379.2545264266,248586.33532934307,458.65103395181615,,2088135.3333333333,4963833.0
bd497cd,2026-04-07T11:16:18+01:00,linuxpc,16,4427,True,31.26,1.37451,50000,LevelDB/Del/Sync/real_time_median,aggregate,median,3,2173115.1558227367,249998.8443113797,460.16889501716355,,2086285.0,5063531.0
bd497cd,2026-04-07T11:16:18+01:00,linuxpc,16,4427,True,31.26,1.37451,50000,LevelDB/Del/Sync/real_time_stddev,aggregate,stddev,3,15416.23987270159,6578.464767562695,3.2303131455524317,,8242.761086780341,212261.82150118283
bd497cd,2026-04-07T11:16:18+01:00,linuxpc,16,4427,True,31.26,1.37451,50000,LevelDB/Del/Sync/real_time_cv,aggregate,cv,3,0.007070439622234417,0.026463501136726297,0.007043073941683939,,0.0039474266610978,0.04276167661184065
bd497cd,2026-04-07T11:16:18+01:00,linuxpc,16,4427,True,31.26,1.37451,50000,LevelDB/Get/real_time,iteration,,625501,864.6230733247579,859.1409430200781,1156573.3449081732,,810.0,1360.0
bd497cd,2026-04-07T11:16:18+01:00,linuxpc,16,4427,True,31.26,1.37451,50000,LevelDB/Get/real_time,iteration,,625501,840.7351514622405,836.8417700371391,1189435.2201888545,,800.0,1240.0
bd497cd,2026-04-07T11:16:18+01:00,linuxpc,16,4427,True,31.26,1.37451,50000,LevelDB/Get/real_time,iteration,,625501,826.458952129032,822.3689042863273,1209981.4484723175,,790.0,1250.0
bd497cd,2026-04-07T11:16:18+01:00,linuxpc,16,4427,True,31.26,1.37451,50000,LevelDB/Get/real_time_mean,aggregate,mean,3,843.9390589720101,839.4505391145149,1185330.0045231148,,800.0,1283.3333333333333
bd497cd,2026-04-07T11:16:18+01:00,linuxpc,16,4427,True,31.26,1.37451,50000,LevelDB/Get/real_time_median,aggregate,median,3,840.7351514622405,836.8417700371392,1189435.2201888545,,800.0,1250.0
bd497cd,2026-04-07T11:16:18+01:00,linuxpc,16,4427,True,31.26,1.37451,50000,LevelDB/Get/real_time_stddev,aggregate,stddev,3,19.28273331659939,18.524307415755537,26939.67294395744,,9.99999999999709,66.58328118479596
bd497cd,2026-04-07T11:16:18+01:00,linuxpc,16,4427,True,31.26,1.37451,50000,LevelDB/Get/real_time_cv,aggregate,cv,3,0.02284849019796217,0.0220671815105339,0.022727571934531333,,0.012499999999996363,0.05188307624789296
bd497cd,2026-04-07T11:16:18+01:00,linuxpc,16,4427,True,31.26,1.37451,50000,LevelDB/Range50/real_time,iteration,,123485,6665.714272916475,6620.4561282746645,,150021.43192112347,6040.0,10850.0
bd497cd,2026-04-07T11:16:18+01:00,linuxpc,16,4427,True,31.26,1.37451,50000,LevelDB/Range50/real_time,iteration,,123485,5604.713114798546,5580.932356156609,,178421.26430336369,5680.0,8250.0
bd497cd,2026-04-07T11:16:18+01:00,linuxpc,16,4427,True,31.26,1.37451,50000,LevelDB/Range50/real_time,iteration,,123485,5211.939166820434,5191.34047860065,,191867.16651761197,5060.0,7390.0
bd497cd,2026-04-07T11:16:18+01:00,linuxpc,16,4427,True,31.26,1.37451,50000,LevelDB/Range50/real_time_mean,aggregate,mean,3,5827.455518178484,5797.576321010642,,173436.62091403303,5593.333333333333,8830.0
bd497cd,2026-04-07T11:16:18+01:00,linuxpc,16,4427,True,31.26,1.37451,50000,LevelDB/Range50/real_time_median,aggregate,median,3,5604.713114798546,5580.932356156609,,178421.26430336369,5680.0,8250.0
bd497cd,2026-04-07T11:16:18+01:00,linuxpc,16,4427,True,31.26,1.37451,50000,LevelDB/Range50/real_time_stddev,aggregate,stddev,3,752.0479695296998,738.7786141101684,,21363.552566673858,495.71497186723724,1801.4438653480117
bd497cd,2026-04-07T11:16:18+01:00,linuxpc,16,4427,True,31.26,1.37451,50000,LevelDB/Range50/real_time_cv,aggregate,cv,3,0.1290525456923215,0.12742887255020793,,0.12317786436385361,0.08862603787852871,0.2040140277857318
bd497cd,2026-04-07T11:16:18+01:00,linuxpc,16,4427,True,31.26,1.37451,50000,LevelDB/Mixed/Sync/real_time,iteration,,1636,423144.7860536514,34976.998166257945,2363.2572891331997,,1140.0,2271417.0
bd497cd,2026-04-07T11:16:18+01:00,linuxpc,16,4427,True,31.26,1.37451,50000,LevelDB/Mixed/Sync/real_time,iteration,,1636,383442.0244490117,38840.5599022014,2607.9561869540858,,1220.0,2409269.0
bd497cd,2026-04-07T11:16:18+01:00,linuxpc,16,4427,True,31.26,1.37451,50000,LevelDB/Mixed/Sync/real_time,iteration,,1636,426413.0348508749,49983.952322738165,2345.144069879852,,1210.0,2310938.0
bd497cd,2026-04-07T11:16:18+01:00,linuxpc,16,4427,True,31.26,1.37451,50000,LevelDB/Mixed/Sync/real_time_mean,aggregate,mean,3,410999.94845117937,41267.170130399165,2438.7858486557125,,1190.0,2330541.333333333
bd497cd,2026-04-07T11:16:18+01:00,linuxpc,16,4427,True,31.26,1.37451,50000,LevelDB/Mixed/Sync/real_time_median,aggregate,median,3,423144.7860536513,38840.5599022014,2363.2572891331997,,1210.0,2310938.0
bd497cd,2026-04-07T11:16:18+01:00,linuxpc,16,4427,True,31.26,1.37451,50000,LevelDB/Mixed/Sync/real_time_stddev,aggregate,stddev,3,23921.74207770159,7792.207399920159,146.78547168544202,,43.588989435404066,70985.99498728577
bd497cd,2026-04-07T11:16:18+01:00,linuxpc,16,4427,True,31.26,1.37451,50000,LevelDB/Mixed/Sync/real_time_cv,aggregate,cv,3,0.058203759313958006,0.18882340066686776,0.06018792989402981,,0.036629402886894175,0.03045901566815626
bd497cd,2026-04-07T11:16:18+01:00,linuxpc,16,4427,True,31.26,1.37451,50000,RocksDB/Put/NoSync/real_time,iteration,,123854,6110.181923749374,6078.427987792086,163661.24813946176,,5550.0,11900.0
bd497cd,2026-04-07T11:16:18+01:00,linuxpc,16,4427,True,31.26,1.37451,50000,RocksDB/Put/NoSync/real_time,iteration,,123854,5923.831333355934,5893.095362281406,168809.66788659155,,5530.0,11520.0
bd497cd,2026-04-07T11:16:18+01:00,linuxpc,16,4427,True,31.26,1.37451,50000,RocksDB/Put/NoSync/real_time,iteration,,123854,5761.096412126623,5734.277197345255,173578.07064208892,,5160.0,11030.0
bd497cd,2026-04-07T11:16:18+01:00,linuxpc,16,4427,True,31.26,1.37451,50000,RocksDB/Put/NoSync/real_time_mean,aggregate,mean,3,5931.70322307731,5901.933515806249,168682.99555604742,,5413.333333333333,11483.333333333332
bd497cd,2026-04-07T11:16:18+01:00,linuxpc,16,4427,True,31.26,1.37451,50000,RocksDB/Put/NoSync/real_time_median,aggregate,median,3,5923.831333355934,5893.095362281406,168809.66788659155,,5530.0,11520.0
bd497cd,2026-04-07T11:16:18+01:00,linuxpc,16,4427,True,31.26,1.37451,50000,RocksDB/Put/NoSync/real_time_stddev,aggregate,stddev,3,174.67583860415516,172.2455408990444,4959.624637676719,,219.62088546705652,436.157463920266
bd497cd,2026-04-07T11:16:18+01:00,linuxpc,16,4427,True,31.26,1.37451,50000,RocksDB/Put/NoSync/real_time_cv,aggregate,cv,3,0.029447838510291324,0.02918459525810405,0.029402042697473978,,0.04057036061583557,0.037981782054014465
bd497cd,2026-04-07T11:16:18+01:00,linuxpc,16,4427,True,31.26,1.37451,50000,RocksDB/Put/Sync/real_time,iteration,,323,2164774.9938670513,269808.9195046362,461.9417735483204,,2065965.0,3900077.0
bd497cd,2026-04-07T11:16:18+01:00,linuxpc,16,4427,True,31.26,1.37451,50000,RocksDB/Put/Sync/real_time,iteration,,323,2144643.916509146,259325.8916408686,466.27787125972316,,2060295.0,3913027.0
bd497cd,2026-04-07T11:16:18+01:00,linuxpc,16,4427,True,31.26,1.37451,50000,RocksDB/Put/Sync/real_time,iteration,,323,2210318.575823685,303089.092879257,452.4234700544673,,2148715.0,4312951.0
bd497cd,2026-04-07T11:16:18+01:00,linuxpc,16,4427,True,31.26,1.37451,50000,RocksDB/Put/Sync/real_time_mean,aggregate,mean,3,2173245.828733294,277407.96800825396,460.2143716208369,,2091658.3333333333,4042018.333333333
bd497cd,2026-04-07T11:16:18+01:00,linuxpc,16,4427,True,31.26,1.37451,50000,RocksDB/Put/Sync/real_time_median,aggregate,median,3,2164774.993867051,269808.9195046362,461.9417735483204,,2065965.0,3913027.0
bd497cd,2026-04-07T11:16:18+01:00,linuxpc,16,4427,True,31.26,1.37451,50000,RocksDB/Put/Sync/real_time_stddev,aggregate,stddev,3,33646.7903598387,22849.80523501572,7.086892566800092,,49493.78378476934,234723.8974312946
bd497cd,2026-04-07T11:16:18+01:00,linuxpc,16,4427,True,31.26,1.37451,50000,RocksDB/Put/Sync/real_time_cv,aggregate,cv,3,0.01548227536663452,0.08236895788925519,0.015399111813567758,,0.0236624610224436,0.058070963086831115
bd497cd,2026-04-07T11:16:18+01:00,linuxpc,16,4427,True,31.26,1.37451,50000,RocksDB/Del/Sync/real_time,iteration,,317,2152964.52051199,287966.69085174665,464.47583807010113,,2098475.0,3435001.0
bd497cd,2026-04-07T11:16:18+01:00,linuxpc,16,4427,True,31.26,1.37451,50000,RocksDB/Del/Sync/real_time,iteration,,317,2146109.233519256,291164.0063091363,465.9595068048652,,2081915.0,3371630.0
bd497cd,2026-04-07T11:16:18+01:00,linuxpc,16,4427,True,31.26,1.37451,50000,RocksDB/Del/Sync/real_time,iteration,,317,2180875.6150346403,292562.77917981835,458.531423390745,,2081445.0,5061371.0
bd497cd,2026-04-07T11:16:18+01:00,linuxpc,16,4427,True,31.26,1.37451,50000,RocksDB/Del/Sync/real_time_mean,aggregate,mean,3,2159983.123021962,290564.4921135671,462.9889227552371,,2087278.3333333333,3956000.6666666665
bd497cd,2026-04-07T11:16:18+01:00,linuxpc,16,4427,True,31.26,1.37451,50000,RocksDB/Del/Sync/real_time_median,aggregate,median,3,2152964.52051199,291164.0063091363,464.47583807010113,,2081915.0,3435001.0
bd497cd,2026-04-07T11:16:18+01:00,linuxpc,16,4427,True,31.26,1.37451,50000,RocksDB/Del/Sync/real_time_stddev,aggregate,stddev,3,18415.235725199298,2355.9647562906944,3.930940557546922,,9699.445001325603,957803.0336506227
bd497cd,2026-04-07T11:16:18+01:00,linuxpc,16,4427,True,31.26,1.37451,50000,RocksDB/Del/Sync/real_time_cv,aggregate,cv,3,0.008525638709359518,0.008108233525553652,0.0084903555233114,,0.0046469341660993636,0.24211397174957236
bd497cd,2026-04-07T11:16:18+01:00,linuxpc,16,4427,True,31.26,1.37451,50000,RocksDB/Get/real_time,iteration,,1014447,676.1645950906678,672.9026159079777,1478929.8452781436,,630.0,1030.0
bd497cd,2026-04-07T11:16:18+01:00,linuxpc,16,4427,True,31.26,1.37451,50000,RocksDB/Get/real_time,iteration,,1014447,642.7392343080145,639.8694056959143,1555840.9174703942,,600.0,1020.0
bd497cd,2026-04-07T11:16:18+01:00,linuxpc,16,4427,True,31.26,1.37451,50000,RocksDB/Get/real_time,iteration,,1014447,636.3271516842374,633.0049238649269,1571518.6714148365,,590.0,1040.0
bd497cd,2026-04-07T11:16:18+01:00,linuxpc,16,4427,True,31.26,1.37451,50000,RocksDB/Get/real_time_mean,aggregate,mean,3,651.7436603609732,648.592315156273,1535429.8113877913,,606.6666666666666,1030.0
bd497cd,2026-04-07T11:16:18+01:00,linuxpc,16,4427,True,31.26,1.37451,50000,RocksDB/Get/real_time_median,aggregate,median,3,642.7392343080145,639.8694056959145,1555840.9174703942,,600.0,1030.0
bd497cd,2026-04-07T11:16:18+01:00,linuxpc,16,4427,True,31.26,1.37451,50000,RocksDB/Get/real_time_stddev,aggregate,stddev,3,21.390774663337066,21.331275622444377,49554.34007208386,,20.81665999466296,9.999999999988358
bd497cd,2026-04-07T11:16:18+01:00,linuxpc,16,4427,True,31.26,1.37451,50000,RocksDB/Get/real_time_cv,aggregate,cv,3,0.03282084040754554,0.03288857287386265,0.03227392076443689,,0.03431317581537851,0.009708737864066367
bd497cd,2026-04-07T11:16:18+01:00,linuxpc,16,4427,True,31.26,1.37451,50000,RocksDB/Range50/real_time,iteration,,109964,6256.271225212012,6231.296797133614,,159839.617561675,6160.0,8020.0
bd497cd,2026-04-07T11:16:18+01:00,linuxpc,16,4427,True,31.26,1.37451,50000,RocksDB/Range50/real_time,iteration,,109964,6170.196473014739,6147.161234585894,,162069.39347450034,6090.0,7690.0
bd497cd,2026-04-07T11:16:18+01:00,linuxpc,16,4427,True,31.26,1.37451,50000,RocksDB/Range50/real_time,iteration,,109964,6176.498153675894,6153.001336801146,,161904.03933090434,6030.0,8110.0
bd497cd,2026-04-07T11:16:18+01:00,linuxpc,16,4427,True,31.26,1.37451,50000,RocksDB/Range50/real_time_mean,aggregate,mean,3,6200.988617300882,6177.153122840217,,161271.01678902656,6093.333333333333,7940.0
bd497cd,2026-04-07T11:16:18+01:00,linuxpc,16,4427,True,31.26,1.37451,50000,RocksDB/Range50/real_time_median,aggregate,median,3,6176.498153675894,6153.001336801147,,161904.03933090434,6090.0,8020.0
bd497cd,2026-04-07T11:16:18+01:00,linuxpc,16,4427,True,31.26,1.37451,50000,RocksDB/Range50/real_time_stddev,aggregate,stddev,3,47.97971287824556,46.980632158041296,,1242.382110807943,65.0640709864962,221.13344387495982
bd497cd,2026-04-07T11:16:18+01:00,linuxpc,16,4427,True,31.26,1.37451,50000,RocksDB/Range50/real_time_cv,aggregate,cv,3,0.007737429600238452,0.00760554760806057,,0.007703691187321137,0.010677910993407473,0.027850559681984865
bd497cd,2026-04-07T11:16:18+01:00,linuxpc,16,4427,True,31.26,1.37451,50000,RocksDB/Mixed/Sync/real_time,iteration,,1180,427974.32880911784,49744.45254237435,2336.588745363774,,910.0,2278067.0
bd497cd,2026-04-07T11:16:18+01:00,linuxpc,16,4427,True,31.26,1.37451,50000,RocksDB/Mixed/Sync/real_time,iteration,,1180,428024.7610610894,51630.55593220128,2336.3134355147176,,880.0,2376438.0
bd497cd,2026-04-07T11:16:18+01:00,linuxpc,16,4427,True,31.26,1.37451,50000,RocksDB/Mixed/Sync/real_time,iteration,,1180,429937.4872925139,56315.43220339097,2325.9195337847714,,900.0,2323088.0
bd497cd,2026-04-07T11:16:18+01:00,linuxpc,16,4427,True,31.26,1.37451,50000,RocksDB/Mixed/Sync/real_time_mean,aggregate,mean,3,428645.52572090697,52563.48022598886,2332.940571554421,,896.6666666666666,2325864.333333333
bd497cd,2026-04-07T11:16:18+01:00,linuxpc,16,4427,True,31.26,1.37451,50000,RocksDB/Mixed/Sync/real_time_median,aggregate,median,3,428024.76106108935,51630.55593220127,2336.3134355147176,,900.0,2323088.0
bd497cd,2026-04-07T11:16:18+01:00,linuxpc,16,4427,True,31.26,1.37451,50000,RocksDB/Mixed/Sync/real_time_stddev,aggregate,stddev,3,1119.155654905466,3383.3717250441537,6.081955064106209,,15.275252316522643,49244.23245756767
bd497cd,2026-04-07T11:16:18+01:00,linuxpc,16,4427,True,31.26,1.37451,50000,RocksDB/Mixed/Sync/real_time_cv,aggregate,cv,3,0.0026109117854974493,0.06436734612125854,0.0026069909959403072,,0.017035597379021536,0.02117244404663657
bd497cd,2026-04-07T11:16:18+01:00,linuxpc,16,4427,True,31.26,1.37451,50000,ByteCask/MixedBatch/Sync/real_time,iteration,,245,2865172.273536422,871429.4448979581,34901.91529620385,,2748153.0,5873100.0
bd497cd,2026-04-07T11:16:18+01:00,linuxpc,16,4427,True,31.26,1.37451,50000,ByteCask/MixedBatch/Sync/real_time,iteration,,245,2874336.6287945183,903923.88571428,34790.63621088094,,2749913.0,4886948.0
bd497cd,2026-04-07T11:16:18+01:00,linuxpc,16,4427,True,31.26,1.37451,50000,ByteCask/MixedBatch/Sync/real_time,iteration,,245,2843702.420335719,892703.2571428563,35165.423528455656,,2775633.0,4145929.0
bd497cd,2026-04-07T11:16:18+01:00,linuxpc,16,4427,True,31.26,1.37451,50000,ByteCask/MixedBatch/Sync/real_time_mean,aggregate,mean,3,2861070.440888886,889352.1959183648,34952.65834518014,,2757899.6666666665,4968659.0
bd497cd,2026-04-07T11:16:18+01:00,linuxpc,16,4427,True,31.26,1.37451,50000,ByteCask/MixedBatch/Sync/real_time_median,aggregate,median,3,2865172.273536422,892703.2571428563,34901.91529620385,,2749913.0,4886948.0
bd497cd,2026-04-07T11:16:18+01:00,linuxpc,16,4427,True,31.26,1.37451,50000,ByteCask/MixedBatch/Sync/real_time_stddev,aggregate,stddev,3,15723.627293852494,16504.37455612706,192.4773392347124,,15382.708907535902,866479.9082788915
bd497cd,2026-04-07T11:16:18+01:00,linuxpc,16,4427,True,31.26,1.37451,50000,ByteCask/MixedBatch/Sync/real_time_cv,aggregate,cv,3,0.005495714844744413,0.018557748698291878,0.005506801151828682,,0.005577689824419248,0.174389087332999
bd497cd,2026-04-07T11:16:18+01:00,linuxpc,16,4427,True,31.26,1.37451,50000,LevelDB/MixedBatch/Sync/real_time,iteration,,303,2713505.8318452276,360766.9504950467,36852.69396749311,,2221306.0,7934395.0
bd497cd,2026-04-07T11:16:18+01:00,linuxpc,16,4427,True,31.26,1.37451,50000,LevelDB/MixedBatch/Sync/real_time,iteration,,303,2324489.653402503,346859.353135295,43020.195789481644,,2201797.0,5426805.0
bd497cd,2026-04-07T11:16:18+01:00,linuxpc,16,4427,True,31.26,1.37451,50000,LevelDB/MixedBatch/Sync/real_time,iteration,,303,2472182.049411395,363948.01980199805,40450.095503205004,,2251687.0,5293944.0
bd497cd,2026-04-07T11:16:18+01:00,linuxpc,16,4427,True,31.26,1.37451,50000,LevelDB/MixedBatch/Sync/real_time_mean,aggregate,mean,3,2503392.511553042,357191.44114411325,40107.66175339325,,2224930.0,6218381.333333333
bd497cd,2026-04-07T11:16:18+01:00,linuxpc,16,4427,True,31.26,1.37451,50000,LevelDB/MixedBatch/Sync/real_time_median,aggregate,median,3,2472182.049411395,360766.95049504674,40450.095503205004,,2221306.0,5426805.0
bd497cd,2026-04-07T11:16:18+01:00,linuxpc,16,4427,True,31.26,1.37451,50000,LevelDB/MixedBatch/Sync/real_time_stddev,aggregate,stddev,3,196377.1027458811,9088.11490081173,3097.977620289693,,25141.659790077505,1487595.4387770675
bd497cd,2026-04-07T11:16:18+01:00,linuxpc,16,4427,True,31.26,1.37451,50000,LevelDB/MixedBatch/Sync/real_time_cv,aggregate,cv,3,0.07844439169631201,0.025443260543146717,0.07724154151239178,,0.011299977882485069,0.23922550886400032
bd497cd,2026-04-07T11:16:18+01:00,linuxpc,16,4427,True,31.26,1.37451,50000,RocksDB/MixedBatch/Sync/real_time,iteration,,274,2561774.730034866,551282.2445255411,39035.43852922579,,2455089.0,5454736.0
bd497cd,2026-04-07T11:16:18+01:00,linuxpc,16,4427,True,31.26,1.37451,50000,RocksDB/MixedBatch/Sync/real_time,iteration,,274,2534610.2809064416,527518.6861313684,39453.79719845429,,2431359.0,5479645.0
bd497cd,2026-04-07T11:16:18+01:00,linuxpc,16,4427,True,31.26,1.37451,50000,RocksDB/MixedBatch/Sync/real_time,iteration,,274,2540190.6788869197,538259.2773722536,39367.123433355315,,2451870.0,4479704.0
bd497cd,2026-04-07T11:16:18+01:00,linuxpc,16,4427,True,31.26,1.37451,50000,RocksDB/MixedBatch/Sync/real_time_mean,aggregate,mean,3,2545525.2299427423,539020.0693430543,39285.45305367846,,2446106.0,5138028.333333333
bd497cd,2026-04-07T11:16:18+01:00,linuxpc,16,4427,True,31.26,1.37451,50000,RocksDB/MixedBatch/Sync/real_time_median,aggregate,median,3,2540190.6788869197,538259.2773722537,39367.123433355315,,2451870.0,5454736.0
bd497cd,2026-04-07T11:16:18+01:00,linuxpc,16,4427,True,31.26,1.37451,50000,RocksDB/MixedBatch/Sync/real_time_stddev,aggregate,stddev,3,14346.42465346938,11900.03278169364,220.8133424812482,,12872.295715994098,570261.6158083375
bd497cd,2026-04-07T11:16:18+01:00,linuxpc,16,4427,True,31.26,1.37451,50000,RocksDB/MixedBatch/Sync/real_time_cv,aggregate,cv,3,0.005635938895719403,0.02207716086749262,0.005620740638514097,,0.005262362185446623,0.11098841400089675
bd497cd,2026-04-07T11:16:18+01:00,linuxpc,16,4427,True,31.26,1.37451,50000,ByteCask/GetMT/real_time/threads:2,iteration,,834958,858.6339851365037,854.5722611197189,2329281.2008623728,,1560.0,2720.0
bd497cd,2026-04-07T11:16:18+01:00,linuxpc,16,4427,True,31.26,1.37451,50000,ByteCask/GetMT/real_time/threads:2,iteration,,834958,863.8611499678184,859.9650617156814,2315186.8793665585,,1560.0,2700.0
bd497cd,2026-04-07T11:16:18+01:00,linuxpc,16,4427,True,31.26,1.37451,50000,ByteCask/GetMT/real_time/threads:2,iteration,,834958,883.9257040969039,879.7399653635197,2262633.602270199,,1660.0,2640.0
bd497cd,2026-04-07T11:16:18+01:00,linuxpc,16,4427,True,31.26,1.37451,50000,ByteCask/GetMT/real_time/threads:2_mean,aggregate,mean,3,868.8069464004087,864.7590960663065,2302367.22749971,,1593.3333333333333,2686.6666666666665
bd497cd,2026-04-07T11:16:18+01:00,linuxpc,16,4427,True,31.26,1.37451,50000,ByteCask/GetMT/real_time/threads:2_median,aggregate,median,3,863.8611499678183,859.9650617156814,2315186.8793665585,,1560.0,2700.0
bd497cd,2026-04-07T11:16:18+01:00,linuxpc,16,4427,True,31.26,1.37451,50000,ByteCask/GetMT/real_time/threads:2_stddev,aggregate,stddev,3,13.351533198756885,13.251053099386302,35124.53850254961,,57.73502691895989,41.63331998933011
bd497cd,2026-04-07T11:16:18+01:00,linuxpc,16,4427,True,31.26,1.37451,50000,ByteCask/GetMT/real_time/threads:2_cv,aggregate,cv,3,0.015367663960416287,0.015323404124528874,0.015255836724488832,,0.03623537254328027,0.015496272948882176
bd497cd,2026-04-07T11:16:18+01:00,linuxpc,16,4427,True,31.26,1.37451,50000,ByteCask/GetMT/real_time/threads:4,iteration,,537680,957.8627585931579,953.3496931260206,4175963.5857175626,,3570.0,5390.0
bd497cd,2026-04-07T11:16:18+01:00,linuxpc,16,4427,True,31.26,1.37451,50000,ByteCask/GetMT/real_time/threads:4,iteration,,537680,1028.0936951278584,1023.5687602291374,3890695.973485706,,3730.0,6340.0
bd497cd,2026-04-07T11:16:18+01:00,linuxpc,16,4427,True,31.26,1.37451,50000,ByteCask/GetMT/real_time/threads:4,iteration,,537680,1016.9187063110718,1012.239718791848,3933451.0961158527,,3670.0,6380.0
bd497cd,2026-04-07T11:16:18+01:00,linuxpc,16,4427,True,31.26,1.37451,50000,ByteCask/GetMT/real_time/threads:4_mean,aggregate,mean,3,1000.9583866773627,996.3860573823354,4000036.8851063736,,3656.6666666666665,6036.666666666666
bd497cd,2026-04-07T11:16:18+01:00,linuxpc,16,4427,True,31.26,1.37451,50000,ByteCask/GetMT/real_time/threads:4_median,aggregate,median,3,1016.9187063110718,1012.2397187918481,3933451.0961158527,,3670.0,6340.0
bd497cd,2026-04-07T11:16:18+01:00,linuxpc,16,4427,True,31.26,1.37451,50000,ByteCask/GetMT/real_time/threads:4_stddev,aggregate,stddev,3,37.737845245101916,37.69858460570737,153849.44952366062,,80.82903768655144,560.3867711976609
bd497cd,2026-04-07T11:16:18+01:00,linuxpc,16,4427,True,31.26,1.37451,50000,ByteCask/GetMT/real_time/threads:4_cv,aggregate,cv,3,0.03770171242619889,0.03783531927850089,0.0384620077121037,,0.022104568191399665,0.0928304977135827
bd497cd,2026-04-07T11:16:18+01:00,linuxpc,16,4427,True,31.26,1.37451,50000,ByteCask/GetMT/real_time/threads:8,iteration,,465208,1492.7602040834163,1483.3106954308619,5359199.674613616,,11240.0,18290.0
bd497cd,2026-04-07T11:16:18+01:00,linuxpc,16,4427,True,31.26,1.37451,50000,ByteCask/GetMT/real_time/threads:8,iteration,,465208,1488.410678512435,1482.136515279188,5374860.65875008,,11240.0,18231.0
bd497cd,2026-04-07T11:16:18+01:00,linuxpc,16,4427,True,31.26,1.37451,50000,ByteCask/GetMT/real_time/threads:8,iteration,,465208,1494.5147568876314,1481.0476023628162,5352908.001163015,,11320.0,18690.0
bd497cd,2026-04-07T11:16:18+01:00,linuxpc,16,4427,True,31.26,1.37451,50000,ByteCask/GetMT/real_time/threads:8_mean,aggregate,mean,3,1491.8952131611607,1482.1649376909552,5362322.77817557,,11266.666666666666,18403.666666666664
bd497cd,2026-04-07T11:16:18+01:00,linuxpc,16,4427,True,31.26,1.37451,50000,ByteCask/GetMT/real_time/threads:8_median,aggregate,median,3,1492.7602040834163,1482.136515279188,5359199.674613616,,11240.0,18290.0
bd497cd,2026-04-07T11:16:18+01:00,linuxpc,16,4427,True,31.26,1.37451,50000,ByteCask/GetMT/real_time/threads:8_stddev,aggregate,stddev,3,3.1426263180451106,1.1318142226428856,11304.650622002737,,46.188021535438914,249.72051043809452
bd497cd,2026-04-07T11:16:18+01:00,linuxpc,16,4427,True,31.26,1.37451,50000,ByteCask/GetMT/real_time/threads:8_cv,aggregate,cv,3,0.0021064658498275044,0.0007636223161547215,0.0021081630274127085,,0.004099528538648424,0.013569062891711501
bd497cd,2026-04-07T11:16:18+01:00,linuxpc,16,4427,True,31.26,1.37451,50000,ByteCask/GetMT/real_time/threads:16,iteration,,330032,2056.5344000011432,1997.109822683875,7780078.952236882,,31080.0,45240.0
bd497cd,2026-04-07T11:16:18+01:00,linuxpc,16,4427,True,31.26,1.37451,50000,ByteCask/GetMT/real_time/threads:16,iteration,,330032,2077.707413201241,1907.155942454065,7700795.549142264,,29820.0,44990.0
bd497cd,2026-04-07T11:16:18+01:00,linuxpc,16,4427,True,31.26,1.37451,50000,ByteCask/GetMT/real_time/threads:16,iteration,,330032,2403.2228963634193,1673.272273597719,6657726.182707129,,25341.0,45870.0
bd497cd,2026-04-07T11:16:18+01:00,linuxpc,16,4427,True,31.26,1.37451,50000,ByteCask/GetMT/real_time/threads:16_mean,aggregate,mean,3,2179.154903188601,1859.179346245219,7379533.561362092,,28747.0,45366.666666666664
bd497cd,2026-04-07T11:16:18+01:00,linuxpc,16,4427,True,31.26,1.37451,50000,ByteCask/GetMT/real_time/threads:16_median,aggregate,median,3,2077.7074132012403,1907.1559424540646,7700795.549142264,,29820.0,45240.0
bd497cd,2026-04-07T11:16:18+01:00,linuxpc,16,4427,True,31.26,1.37451,50000,ByteCask/GetMT/real_time/threads:16_stddev,aggregate,stddev,3,194.3371382315673,167.16460417018357,626359.2287275005,,3016.2107021890893,453.46811721841203
bd497cd,2026-04-07T11:16:18+01:00,linuxpc,16,4427,True,31.26,1.37451,50000,ByteCask/GetMT/real_time/threads:16_cv,aggregate,cv,3,0.08918004770895713,0.08991311381970095,0.08487788876074831,,0.10492262504571222,0.009995623450809964
bd497cd,2026-04-07T11:16:18+01:00,linuxpc,16,4427,True,31.26,1.37451,50000,ByteCask/GetMT/real_time/threads:32,iteration,,420832,2992.306770791674,1951.8888107368382,10694090.696968801,,60760.0,90281.0
bd497cd,2026-04-07T11:16:18+01:00,linuxpc,16,4427,True,31.26,1.37451,50000,ByteCask/GetMT/real_time/threads:32,iteration,,420832,3013.925179625265,1887.1899950574086,10617383.675058153,,58960.0,88130.0
bd497cd,2026-04-07T11:16:18+01:00,linuxpc,16,4427,True,31.26,1.37451,50000,ByteCask/GetMT/real_time/threads:32,iteration,,420832,2836.5943414555095,1955.0495019390237,11281133.693434713,,60760.0,89923.0
bd497cd,2026-04-07T11:16:18+01:00,linuxpc,16,4427,True,31.26,1.37451,50000,ByteCask/GetMT/real_time/threads:32_mean,aggregate,mean,3,2947.608763957483,1931.3761025777567,10864202.68848722,,60160.0,89444.66666666666
bd497cd,2026-04-07T11:16:18+01:00,linuxpc,16,4427,True,31.26,1.37451,50000,ByteCask/GetMT/real_time/threads:32_median,aggregate,median,3,2992.3067707916744,1951.8888107368382,10694090.696968801,,60760.0,89923.0
bd497cd,2026-04-07T11:16:18+01:00,linuxpc,16,4427,True,31.26,1.37451,50000,ByteCask/GetMT/real_time/threads:32_stddev,aggregate,stddev,3,96.74704337966863,38.29891076218896,363104.10210781626,,1039.2304845413264,1152.5199925968311
bd497cd,2026-04-07T11:16:18+01:00,linuxpc,16,4427,True,31.26,1.37451,50000,ByteCask/GetMT/real_time/threads:32_cv,aggregate,cv,3,0.03282221323354164,0.019829856396727918,0.03342206625918321,,0.01727444289463641,0.012885284674288363
bd497cd,2026-04-07T11:16:18+01:00,linuxpc,16,4427,True,31.26,1.37451,50000,RocksDB/GetMT/real_time/threads:2,iteration,,1046158,674.0657778635633,670.956562966587,2967069.484433635,,1230.0,2200.0
bd497cd,2026-04-07T11:16:18+01:00,linuxpc,16,4427,True,31.26,1.37451,50000,RocksDB/GetMT/real_time/threads:2,iteration,,1046158,653.7911300363864,651.4879578419318,3059080.963500822,,1200.0,2030.0
bd497cd,2026-04-07T11:16:18+01:00,linuxpc,16,4427,True,31.26,1.37451,50000,RocksDB/GetMT/real_time/threads:2,iteration,,1046158,673.5617067131215,670.7691916517398,2969289.9404268325,,1230.0,2300.0
bd497cd,2026-04-07T11:16:18+01:00,linuxpc,16,4427,True,31.26,1.37451,50000,RocksDB/GetMT/real_time/threads:2_mean,aggregate,mean,3,667.139538204357,664.404570820086,2998480.1294537634,,1220.0,2176.6666666666665
bd497cd,2026-04-07T11:16:18+01:00,linuxpc,16,4427,True,31.26,1.37451,50000,RocksDB/GetMT/real_time/threads:2_median,aggregate,median,3,673.5617067131215,670.7691916517398,2969289.9404268325,,1230.0,2200.0
bd497cd,2026-04-07T11:16:18+01:00,linuxpc,16,4427,True,31.26,1.37451,50000,RocksDB/GetMT/real_time/threads:2_stddev,aggregate,stddev,3,11.562807721106253,11.186507279902278,52493.60362560889,,17.320508075688775,136.50396819629245
bd497cd,2026-04-07T11:16:18+01:00,linuxpc,16,4427,True,31.26,1.37451,50000,RocksDB/GetMT/real_time/threads:2_cv,aggregate,cv,3,0.01733191792563845,0.016836890911353274,0.0175067371999466,,0.014197137766958011,0.06271238967670403
bd497cd,2026-04-07T11:16:18+01:00,linuxpc,16,4427,True,31.26,1.37451,50000,RocksDB/GetMT/real_time/threads:4,iteration,,973320,766.383454537298,762.7445639666292,5219319.358107736,,2740.0,5900.0
bd497cd,2026-04-07T11:16:18+01:00,linuxpc,16,4427,True,31.26,1.37451,50000,RocksDB/GetMT/real_time/threads:4,iteration,,973320,725.260885419713,722.0495972547556,5515256.758518247,,2670.0,4550.0
bd497cd,2026-04-07T11:16:18+01:00,linuxpc,16,4427,True,31.26,1.37451,50000,RocksDB/GetMT/real_time/threads:4,iteration,,973320,728.5754777078039,725.4663594706747,5490165.5660777055,,2680.0,4600.0
bd497cd,2026-04-07T11:16:18+01:00,linuxpc,16,4427,True,31.26,1.37451,50000,RocksDB/GetMT/real_time/threads:4_mean,aggregate,mean,3,740.0732725549383,736.7535068973531,5408247.227567896,,2696.6666666666665,5016.666666666666
bd497cd,2026-04-07T11:16:18+01:00,linuxpc,16,4427,True,31.26,1.37451,50000,RocksDB/GetMT/real_time/threads:4_median,aggregate,median,3,728.5754777078038,725.4663594706745,5490165.5660777055,,2680.0,4600.0
bd497cd,2026-04-07T11:16:18+01:00,linuxpc,16,4427,True,31.26,1.37451,50000,RocksDB/GetMT/real_time/threads:4_stddev,aggregate,stddev,3,22.845478490669848,22.573653928724784,164096.6083701546,,37.859388972010024,765.3975002136766
bd497cd,2026-04-07T11:16:18+01:00,linuxpc,16,4427,True,31.26,1.37451,50000,RocksDB/GetMT/real_time/threads:4_cv,aggregate,cv,3,0.030869211654949946,0.030639357284891516,0.030341920675092605,,0.01403932841978122,0.1525709302751515
bd497cd,2026-04-07T11:16:18+01:00,linuxpc,16,4427,True,31.26,1.37451,50000,RocksDB/GetMT/real_time/threads:8,iteration,,736864,724.0023477331471,719.9754744430511,11049687.925803026,,5310.0,8980.0
bd497cd,2026-04-07T11:16:18+01:00,linuxpc,16,4427,True,31.26,1.37451,50000,RocksDB/GetMT/real_time/threads:8,iteration,,736864,748.249625543646,740.0658221869946,10691619.115996942,,5400.0,9750.0
bd497cd,2026-04-07T11:16:18+01:00,linuxpc,16,4427,True,31.26,1.37451,50000,RocksDB/GetMT/real_time/threads:8,iteration,,736864,732.8980502808297,722.6321709297745,10915570.039972931,,5340.0,9020.0
bd497cd,2026-04-07T11:16:18+01:00,linuxpc,16,4427,True,31.26,1.37451,50000,RocksDB/GetMT/real_time/threads:8_mean,aggregate,mean,3,735.050007852541,727.55782251994,10885625.6939243,,5350.0,9250.0
bd497cd,2026-04-07T11:16:18+01:00,linuxpc,16,4427,True,31.26,1.37451,50000,RocksDB/GetMT/real_time/threads:8_median,aggregate,median,3,732.8980502808296,722.6321709297745,10915570.039972931,,5340.0,9020.0
bd497cd,2026-04-07T11:16:18+01:00,linuxpc,16,4427,True,31.26,1.37451,50000,RocksDB/GetMT/real_time/threads:8_stddev,aggregate,stddev,3,12.266043019154365,10.91338860340334,180902.78061490133,,45.8257569495584,433.4743360338477
bd497cd,2026-04-07T11:16:18+01:00,linuxpc,16,4427,True,31.26,1.37451,50000,RocksDB/GetMT/real_time/threads:8_cv,aggregate,cv,3,0.01668735853087028,0.015000029228747982,0.016618500920518548,,0.008565562046646429,0.04686209038203759
bd497cd,2026-04-07T11:16:18+01:00,linuxpc,16,4427,True,31.26,1.37451,50000,RocksDB/GetMT/real_time/threads:16,iteration,,589072,1234.731698203585,966.2185267675243,12958280.753040073,,14360.0,25750.0
bd497cd,2026-04-07T11:16:18+01:00,linuxpc,16,4427,True,31.26,1.37451,50000,RocksDB/GetMT/real_time/threads:16,iteration,,589072,1091.8850767708864,1079.9837659912505,14653556.807753066,,16121.0,27550.0
bd497cd,2026-04-07T11:16:18+01:00,linuxpc,16,4427,True,31.26,1.37451,50000,RocksDB/GetMT/real_time/threads:16,iteration,,589072,1185.593550372626,989.1505894016385,13495350.067458855,,14670.0,26130.0
bd497cd,2026-04-07T11:16:18+01:00,linuxpc,16,4427,True,31.26,1.37451,50000,RocksDB/GetMT/real_time/threads:16_mean,aggregate,mean,3,1170.736775115699,1011.7842940534711,13702395.876083996,,15050.333333333332,26476.666666666664
bd497cd,2026-04-07T11:16:18+01:00,linuxpc,16,4427,True,31.26,1.37451,50000,RocksDB/GetMT/real_time/threads:16_median,aggregate,median,3,1185.5935503726257,989.1505894016385,13495350.067458855,,14670.0,26130.0
bd497cd,2026-04-07T11:16:18+01:00,linuxpc,16,4427,True,31.26,1.37451,50000,RocksDB/GetMT/real_time/threads:16_stddev,aggregate,stddev,3,72.57294359443017,60.16515481246342,866395.5220179736,,940.0905984708911,948.7535682849539
bd497cd,2026-04-07T11:16:18+01:00,linuxpc,16,4427,True,31.26,1.37451,50000,RocksDB/GetMT/real_time/threads:16_cv,aggregate,cv,3,0.06198912098516603,0.059464408734223546,0.0632294913862597,,0.062463108135205725,0.03583357301844217
bd497cd,2026-04-07T11:16:18+01:00,linuxpc,16,4427,True,31.26,1.37451,50000,ByteCask/ReadAndWriteLoad/Sync/real_time/threads:2,iteration,,711426,847.9653611821713,843.2792672744582,2358586.908799844,,1610.0,2580.0
bd497cd,2026-04-07T11:16:18+01:00,linuxpc,16,4427,True,31.26,1.37451,50000,ByteCask/ReadAndWriteLoad/Sync/real_time/threads:2,iteration,,711426,821.4934089653927,817.2447450613356,2434590.4400119837,,1480.0,2680.0
bd497cd,2026-04-07T11:16:18+01:00,linuxpc,16,4427,True,31.26,1.37451,50000,ByteCask/ReadAndWriteLoad/Sync/real_time/threads:2,iteration,,711426,901.2501610425888,877.9987279070494,2219139.6866840497,,1510.0,3030.0
bd497cd,2026-04-07T11:16:18+01:00,linuxpc,16,4427,True,31.26,1.37451,50000,ByteCask/ReadAndWriteLoad/Sync/real_time/threads:2_mean,aggregate,mean,3,856.9029770633842,846.1742467476142,2337439.011831959,,1533.3333333333333,2763.333333333333
bd497cd,2026-04-07T11:16:18+01:00,linuxpc,16,4427,True,31.26,1.37451,50000,ByteCask/ReadAndWriteLoad/Sync/real_time/threads:2_median,aggregate,median,3,847.9653611821713,843.2792672744582,2358586.908799844,,1510.0,2680.0
bd497cd,2026-04-07T11:16:18+01:00,linuxpc,16,4427,True,31.26,1.37451,50000,ByteCask/ReadAndWriteLoad/Sync/real_time/threads:2_stddev,aggregate,stddev,3,40.62259972854699,30.480277024937752,109271.13954296024,,68.0685928555416,236.2907813126357
bd497cd,2026-04-07T11:16:18+01:00,linuxpc,16,4427,True,31.26,1.37451,50000,ByteCask/ReadAndWriteLoad/Sync/real_time/threads:2_cv,aggregate,cv,3,0.047406300148193053,0.03602127710940487,0.046748231286393827,,0.04439256055796191,0.08550932978744356
bd497cd,2026-04-07T11:16:18+01:00,linuxpc,16,4427,True,31.26,1.37451,50000,ByteCask/ReadAndWriteLoad/Sync/real_time/threads:4,iteration,,676736,982.5145166551823,977.2893802014339,4071186.666653412,,3540.0,6210.0
bd497cd,2026-04-07T11:16:18+01:00,linuxpc,16,4427,True,31.26,1.37451,50000,ByteCask/ReadAndWriteLoad/Sync/real_time/threads:4,iteration,,676736,1057.7495537388525,1046.0028859112017,3781613.5075274715,,3750.0,8450.0
bd497cd,2026-04-07T11:16:18+01:00,linuxpc,16,4427,True,31.26,1.37451,50000,ByteCask/ReadAndWriteLoad/Sync/real_time/threads:4,iteration,,676736,976.2044712284227,970.9318877671623,4097502.2322593294,,3540.0,6040.0
bd497cd,2026-04-07T11:16:18+01:00,linuxpc,16,4427,True,31.26,1.37451,50000,ByteCask/ReadAndWriteLoad/Sync/real_time/threads:4_mean,aggregate,mean,3,1005.4895138741526,998.0747179599326,3983434.135480071,,3610.0,6900.0
bd497cd,2026-04-07T11:16:18+01:00,linuxpc,16,4427,True,31.26,1.37451,50000,ByteCask/ReadAndWriteLoad/Sync/real_time/threads:4_median,aggregate,median,3,982.5145166551824,977.289380201434,4071186.666653412,,3540.0,6210.0
bd497cd,2026-04-07T11:16:18+01:00,linuxpc,16,4427,True,31.26,1.37451,50000,ByteCask/ReadAndWriteLoad/Sync/real_time/threads:4_stddev,aggregate,stddev,3,45.36835894450187,41.62855257977146,175276.35792849734,,121.2435565298214,1345.0278807519182
bd497cd,2026-04-07T11:16:18+01:00,linuxpc,16,4427,True,31.26,1.37451,50000,ByteCask/ReadAndWriteLoad/Sync/real_time/threads:4_cv,aggregate,cv,3,0.04512066840925821,0.04170885388707203,0.044001319456327244,,0.03358547272294222,0.19493157692056787
bd497cd,2026-04-07T11:16:18+01:00,linuxpc,16,4427,True,31.26,1.37451,50000,ByteCask/ReadAndWriteLoad/Sync/real_time/threads:8,iteration,,483664,1498.6809603346317,1482.8303036818986,5338027.379899273,,11300.0,18370.0
bd497cd,2026-04-07T11:16:18+01:00,linuxpc,16,4427,True,31.26,1.37451,50000,ByteCask/ReadAndWriteLoad/Sync/real_time/threads:8,iteration,,483664,1568.4142111942379,1533.7824047272438,5100693.390114439,,11620.0,18911.0
bd497cd,2026-04-07T11:16:18+01:00,linuxpc,16,4427,True,31.26,1.37451,50000,ByteCask/ReadAndWriteLoad/Sync/real_time/threads:8,iteration,,483664,1587.7026094722353,1559.7723502266065,5038726.996020534,,11600.0,26160.0
bd497cd,2026-04-07T11:16:18+01:00,linuxpc,16,4427,True,31.26,1.37451,50000,ByteCask/ReadAndWriteLoad/Sync/real_time/threads:8_mean,aggregate,mean,3,1551.5992603337015,1525.4616862119162,5159149.2553447485,,11506.666666666666,21147.0
bd497cd,2026-04-07T11:16:18+01:00,linuxpc,16,4427,True,31.26,1.37451,50000,ByteCask/ReadAndWriteLoad/Sync/real_time/threads:8_median,aggregate,median,3,1568.414211194238,1533.782404727244,5100693.390114439,,11600.0,18911.0
bd497cd,2026-04-07T11:16:18+01:00,linuxpc,16,4427,True,31.26,1.37451,50000,ByteCask/ReadAndWriteLoad/Sync/real_time/threads:8_stddev,aggregate,stddev,3,46.83236523096917,39.140074081186825,157980.9991181013,,179.2577287967193,4349.804248469112
bd497cd,2026-04-07T11:16:18+01:00,linuxpc,16,4427,True,31.26,1.37451,50000,ByteCask/ReadAndWriteLoad/Sync/real_time/threads:8_cv,aggregate,cv,3,0.03018328664380579,0.025657854559678207,0.03062152135925065,,0.015578597519992987,0.20569367988221082
bd497cd,2026-04-07T11:16:18+01:00,linuxpc,16,4427,True,31.26,1.37451,50000,ByteCask/ReadAndWriteLoad/Sync/real_time/threads:16,iteration,,339264,2076.8121785571307,1958.018772990949,7704115.06885328,,30560.0,45490.0
bd497cd,2026-04-07T11:16:18+01:00,linuxpc,16,4427,True,31.26,1.37451,50000,ByteCask/ReadAndWriteLoad/Sync/real_time/threads:16,iteration,,339264,2055.4849649619405,1794.578160370674,7784051.098761629,,27641.0,44120.0
bd497cd,2026-04-07T11:16:18+01:00,linuxpc,16,4427,True,31.26,1.37451,50000,ByteCask/ReadAndWriteLoad/Sync/real_time/threads:16,iteration,,339264,2115.399777112315,1935.833751886447,7563582.152703657,,30502.0,46420.0
bd497cd,2026-04-07T11:16:18+01:00,linuxpc,16,4427,True,31.26,1.37451,50000,ByteCask/ReadAndWriteLoad/Sync/real_time/threads:16_mean,aggregate,mean,3,2082.565640210462,1896.1435617493564,7683916.106772855,,29567.666666666664,45343.33333333333
bd497cd,2026-04-07T11:16:18+01:00,linuxpc,16,4427,True,31.26,1.37451,50000,ByteCask/ReadAndWriteLoad/Sync/real_time/threads:16_median,aggregate,median,3,2076.8121785571307,1935.8337518864473,7704115.06885328,,30502.0,45490.0
bd497cd,2026-04-07T11:16:18+01:00,linuxpc,16,4427,True,31.26,1.37451,50000,ByteCask/ReadAndWriteLoad/Sync/real_time/threads:16_stddev,aggregate,stddev,3,30.368946631425327,88.65490318229244,111613.78766003918,,1668.794275317845,1156.9932295972392
bd497cd,2026-04-07T11:16:18+01:00,linuxpc,16,4427,True,31.26,1.37451,50000,ByteCask/ReadAndWriteLoad/Sync/real_time/threads:16_cv,aggregate,cv,3,0.014582467916044305,0.046755374946663125,0.014525638503738886,,0.05643983660026758,0.02551628088503799
bd497cd,2026-04-07T11:16:18+01:00,linuxpc,16,4427,True,31.26,1.37451,50000,ByteCask/ReadAndWriteLoad/Sync/StaleRead/real_time/threads:2,iteration,,854074,822.2820165021548,817.9161922737358,2432255.552064307,,1451.0,2620.0
bd497cd,2026-04-07T11:16:18+01:00,linuxpc,16,4427,True,31.26,1.37451,50000,ByteCask/ReadAndWriteLoad/Sync/StaleRead/real_time/threads:2,iteration,,854074,874.2326332263582,867.6599065186393,2287720.5951681235,,1560.0,3320.0
bd497cd,2026-04-07T11:16:18+01:00,linuxpc,16,4427,True,31.26,1.37451,50000,ByteCask/ReadAndWriteLoad/Sync/StaleRead/real_time/threads:2,iteration,,854074,827.452940826637,823.2362383118968,2417055.8847757215,,1590.0,2380.0
bd497cd,2026-04-07T11:16:18+01:00,linuxpc,16,4427,True,31.26,1.37451,50000,ByteCask/ReadAndWriteLoad/Sync/StaleRead/real_time/threads:2_mean,aggregate,mean,3,841.3225301850499,836.2707790347572,2379010.67733605,,1533.6666666666665,2773.333333333333
bd497cd,2026-04-07T11:16:18+01:00,linuxpc,16,4427,True,31.26,1.37451,50000,ByteCask/ReadAndWriteLoad/Sync/StaleRead/real_time/threads:2_median,aggregate,median,3,827.452940826637,823.2362383118967,2417055.8847757215,,1560.0,2620.0
bd497cd,2026-04-07T11:16:18+01:00,linuxpc,16,4427,True,31.26,1.37451,50000,ByteCask/ReadAndWriteLoad/Sync/StaleRead/real_time/threads:2_stddev,aggregate,stddev,3,28.618014889830178,27.313617768649483,79423.96866244944,,73.14597277590536,488.39874419713226
bd497cd,2026-04-07T11:16:18+01:00,linuxpc,16,4427,True,31.26,1.37451,50000,ByteCask/ReadAndWriteLoad/Sync/StaleRead/real_time/threads:2_cv,aggregate,cv,3,0.034015509941871656,0.03266121267584583,0.033385293062823146,,0.047693527130562074,0.1761053164172352
bd497cd,2026-04-07T11:16:18+01:00,linuxpc,16,4427,True,31.26,1.37451,50000,ByteCask/ReadAndWriteLoad/Sync/StaleRead/real_time/threads:4,iteration,,610436,983.8318071159248,978.3046642072167,4065735.597353664,,3540.0,6100.0
bd497cd,2026-04-07T11:16:18+01:00,linuxpc,16,4427,True,31.26,1.37451,50000,ByteCask/ReadAndWriteLoad/Sync/StaleRead/real_time/threads:4,iteration,,610436,957.1279364673322,951.3966853200108,4179169.625707111,,3510.0,6000.0
bd497cd,2026-04-07T11:16:18+01:00,linuxpc,16,4427,True,31.26,1.37451,50000,ByteCask/ReadAndWriteLoad/Sync/StaleRead/real_time/threads:4,iteration,,610436,1088.7630972680734,1073.8317645093068,3673893.8066846756,,3780.0,8190.0
bd497cd,2026-04-07T11:16:18+01:00,linuxpc,16,4427,True,31.26,1.37451,50000,ByteCask/ReadAndWriteLoad/Sync/StaleRead/real_time/threads:4_mean,aggregate,mean,3,1009.9076136171102,1001.1777046788446,3972933.0099151507,,3610.0,6763.333333333333
bd497cd,2026-04-07T11:16:18+01:00,linuxpc,16,4427,True,31.26,1.37451,50000,ByteCask/ReadAndWriteLoad/Sync/StaleRead/real_time/threads:4_median,aggregate,median,3,983.8318071159248,978.3046642072168,4065735.597353664,,3540.0,6100.0
bd497cd,2026-04-07T11:16:18+01:00,linuxpc,16,4427,True,31.26,1.37451,50000,ByteCask/ReadAndWriteLoad/Sync/StaleRead/real_time/threads:4_stddev,aggregate,stddev,3,69.5838677659907,64.34259195381075,265113.4728727593,,147.9864858694874,1236.5408741053925
bd497cd,2026-04-07T11:16:18+01:00,linuxpc,16,4427,True,31.26,1.37451,50000,ByteCask/ReadAndWriteLoad/Sync/StaleRead/real_time/threads:4_cv,aggregate,cv,3,0.068901221089687,0.06426690451966308,0.06672991268947202,,0.040993486390439725,0.18283009474204917
bd497cd,2026-04-07T11:16:18+01:00,linuxpc,16,4427,True,31.26,1.37451,50000,ByteCask/ReadAndWriteLoad/Sync/StaleRead/real_time/threads:8,iteration,,474120,1497.2394712002238,1487.6953155319295,5343166.64360111,,11280.0,18440.0
bd497cd,2026-04-07T11:16:18+01:00,linuxpc,16,4427,True,31.26,1.37451,50000,ByteCask/ReadAndWriteLoad/Sync/StaleRead/real_time/threads:8,iteration,,474120,1470.3647008592052,1454.024042436518,5440827.024292145,,11010.0,18160.0
bd497cd,2026-04-07T11:16:18+01:00,linuxpc,16,4427,True,31.26,1.37451,50000,ByteCask/ReadAndWriteLoad/Sync/StaleRead/real_time/threads:8,iteration,,474120,1501.491158278971,1489.903077280007,5328036.702640131,,11400.0,18661.0
bd497cd,2026-04-07T11:16:18+01:00,linuxpc,16,4427,True,31.26,1.37451,50000,ByteCask/ReadAndWriteLoad/Sync/StaleRead/real_time/threads:8_mean,aggregate,mean,3,1489.698443446133,1477.2074784161514,5370676.790177795,,11230.0,18420.333333333332
bd497cd,2026-04-07T11:16:18+01:00,linuxpc,16,4427,True,31.26,1.37451,50000,ByteCask/ReadAndWriteLoad/Sync/StaleRead/real_time/threads:8_median,aggregate,median,3,1497.2394712002235,1487.6953155319295,5343166.64360111,,11280.0,18440.0
bd497cd,2026-04-07T11:16:18+01:00,linuxpc,16,4427,True,31.26,1.37451,50000,ByteCask/ReadAndWriteLoad/Sync/StaleRead/real_time/threads:8_stddev,aggregate,stddev,3,16.8779267852016,20.107767923137093,61221.07715566273,,199.74984355438178,251.0783410281195
bd497cd,2026-04-07T11:16:18+01:00,linuxpc,16,4427,True,31.26,1.37451,50000,ByteCask/ReadAndWriteLoad/Sync/StaleRead/real_time/threads:8_cv,aggregate,cv,3,0.011329760636761983,0.013612013354208348,0.011399136374698136,,0.017787163272874603,0.01363049932292862
bd497cd,2026-04-07T11:16:18+01:00,linuxpc,16,4427,True,31.26,1.37451,50000,ByteCask/ReadAndWriteLoad/Sync/StaleRead/real_time/threads:16,iteration,,354224,2400.0598040071777,1673.4814552373584,6666500.548563893,,25500.0,44931.0
bd497cd,2026-04-07T11:16:18+01:00,linuxpc,16,4427,True,31.26,1.37451,50000,ByteCask/ReadAndWriteLoad/Sync/StaleRead/real_time/threads:16,iteration,,354224,1997.4824041861705,1821.2413162292867,8010083.075810044,,28641.0,43150.0
bd497cd,2026-04-07T11:16:18+01:00,linuxpc,16,4427,True,31.26,1.37451,50000,ByteCask/ReadAndWriteLoad/Sync/StaleRead/real_time/threads:16,iteration,,354224,1858.8205348314887,1789.6388895162534,8607608.803638743,,28050.0,39950.0
bd497cd,2026-04-07T11:16:18+01:00,linuxpc,16,4427,True,31.26,1.37451,50000,ByteCask/ReadAndWriteLoad/Sync/StaleRead/real_time/threads:16_mean,aggregate,mean,3,2085.4542476749452,1761.4538869942992,7761397.476004226,,27397.0,42677.0
bd497cd,2026-04-07T11:16:18+01:00,linuxpc,16,4427,True,31.26,1.37451,50000,ByteCask/ReadAndWriteLoad/Sync/StaleRead/real_time/threads:16_median,aggregate,median,3,1997.4824041861702,1789.6388895162534,8010083.075810044,,28050.0,43150.0
bd497cd,2026-04-07T11:16:18+01:00,linuxpc,16,4427,True,31.26,1.37451,50000,ByteCask/ReadAndWriteLoad/Sync/StaleRead/real_time/threads:16_stddev,aggregate,stddev,3,281.13923696198907,77.80771109254992,994162.3157930617,,1669.2144859184514,2523.9625591517324
bd497cd,2026-04-07T11:16:18+01:00,linuxpc,16,4427,True,31.26,1.37451,50000,ByteCask/ReadAndWriteLoad/Sync/StaleRead/real_time/threads:16_cv,aggregate,cv,3,0.13480959233482526,0.04417243713675585,0.1280906330163731,,0.06092690754164512,0.059141049257251735
bd497cd,2026-04-07T11:16:18+01:00,linuxpc,16,4427,True,31.26,1.37451,50000,RocksDB/ReadAndWriteLoad/Sync/real_time/threads:2,iteration,,1070550,642.8562243850141,639.7771323151676,3111115.5560689988,,1180.0,2000.0
bd497cd,2026-04-07T11:16:18+01:00,linuxpc,16,4427,True,31.26,1.37451,50000,RocksDB/ReadAndWriteLoad/Sync/real_time/threads:2,iteration,,1070550,663.1569015966578,658.777334080617,3015877.532428111,,1210.0,2200.0
bd497cd,2026-04-07T11:16:18+01:00,linuxpc,16,4427,True,31.26,1.37451,50000,RocksDB/ReadAndWriteLoad/Sync/real_time/threads:2,iteration,,1070550,663.6493568943757,659.9824258558635,3013639.6264425428,,1200.0,2220.0
bd497cd,2026-04-07T11:16:18+01:00,linuxpc,16,4427,True,31.26,1.37451,50000,RocksDB/ReadAndWriteLoad/Sync/real_time/threads:2_mean,aggregate,mean,3,656.5541609586825,652.8456307505493,3046877.5716465507,,1196.6666666666665,2140.0
bd497cd,2026-04-07T11:16:18+01:00,linuxpc,16,4427,True,31.26,1.37451,50000,RocksDB/ReadAndWriteLoad/Sync/real_time/threads:2_median,aggregate,median,3,663.1569015966578,658.7773340806169,3015877.532428111,,1200.0,2200.0
bd497cd,2026-04-07T11:16:18+01:00,linuxpc,16,4427,True,31.26,1.37451,50000,RocksDB/ReadAndWriteLoad/Sync/real_time/threads:2_stddev,aggregate,stddev,3,11.865316170979435,11.33367989945683,55642.978333262305,,15.275252316528357,121.65525060596056
bd497cd,2026-04-07T11:16:18+01:00,linuxpc,16,4427,True,31.26,1.37451,50000,RocksDB/ReadAndWriteLoad/Sync/real_time/threads:2_cv,aggregate,cv,3,0.018072105663992782,0.01736042850807927,0.018262295423702408,,0.01276483480489835,0.05684824794671054
bd497cd,2026-04-07T11:16:18+01:00,linuxpc,16,4427,True,31.26,1.37451,50000,RocksDB/ReadAndWriteLoad/Sync/real_time/threads:4,iteration,,1029776,719.0055953921946,713.2741800158524,5563239.042414027,,2640.0,4640.0
bd497cd,2026-04-07T11:16:18+01:00,linuxpc,16,4427,True,31.26,1.37451,50000,RocksDB/ReadAndWriteLoad/Sync/real_time/threads:4,iteration,,1029776,699.6812967448631,695.5563743959818,5716888.558561241,,2591.0,4220.0
bd497cd,2026-04-07T11:16:18+01:00,linuxpc,16,4427,True,31.26,1.37451,50000,RocksDB/ReadAndWriteLoad/Sync/real_time/threads:4,iteration,,1029776,698.3645200818601,694.2273921707246,5727667.836749685,,2580.0,4200.0
bd497cd,2026-04-07T11:16:18+01:00,linuxpc,16,4427,True,31.26,1.37451,50000,RocksDB/ReadAndWriteLoad/Sync/real_time/threads:4_mean,aggregate,mean,3,705.6838040729726,701.0193155275193,5669265.145908317,,2603.6666666666665,4353.333333333333
bd497cd,2026-04-07T11:16:18+01:00,linuxpc,16,4427,True,31.26,1.37451,50000,RocksDB/ReadAndWriteLoad/Sync/real_time/threads:4_median,aggregate,median,3,699.6812967448631,695.5563743959816,5716888.558561241,,2591.0,4220.0
bd497cd,2026-04-07T11:16:18+01:00,linuxpc,16,4427,True,31.26,1.37451,50000,RocksDB/ReadAndWriteLoad/Sync/real_time/threads:4_stddev,aggregate,stddev,3,11.5557807248008,10.633805817264964,91979.34102947681,,31.942656954837364,248.46193538112422
bd497cd,2026-04-07T11:16:18+01:00,linuxpc,16,4427,True,31.26,1.37451,50000,RocksDB/ReadAndWriteLoad/Sync/real_time/threads:4_cv,aggregate,cv,3,0.016375295363312396,0.015169062509016586,0.016224208722335227,,0.012268335791129445,0.057073951465801895
bd497cd,2026-04-07T11:16:18+01:00,linuxpc,16,4427,True,31.26,1.37451,50000,RocksDB/ReadAndWriteLoad/Sync/real_time/threads:8,iteration,,889664,832.7948966958561,806.6352870297142,9606206.80042624,,5880.0,11040.0
bd497cd,2026-04-07T11:16:18+01:00,linuxpc,16,4427,True,31.26,1.37451,50000,RocksDB/ReadAndWriteLoad/Sync/real_time/threads:8,iteration,,889664,711.0498693777138,704.649672235812,11250968.946807237,,5231.0,8750.0
bd497cd,2026-04-07T11:16:18+01:00,linuxpc,16,4427,True,31.26,1.37451,50000,RocksDB/ReadAndWriteLoad/Sync/real_time/threads:8,iteration,,889664,713.8384119960875,702.4941461045961,11207018.094795167,,5200.0,9100.0
bd497cd,2026-04-07T11:16:18+01:00,linuxpc,16,4427,True,31.26,1.37451,50000,RocksDB/ReadAndWriteLoad/Sync/real_time/threads:8_mean,aggregate,mean,3,752.5610593565522,737.9263684567073,10688064.614009548,,5437.0,9630.0
bd497cd,2026-04-07T11:16:18+01:00,linuxpc,16,4427,True,31.26,1.37451,50000,RocksDB/ReadAndWriteLoad/Sync/real_time/threads:8_median,aggregate,median,3,713.8384119960874,704.6496722358119,11207018.094795167,,5231.0,9100.0
bd497cd,2026-04-07T11:16:18+01:00,linuxpc,16,4427,True,31.26,1.37451,50000,RocksDB/ReadAndWriteLoad/Sync/real_time/threads:8_stddev,aggregate,stddev,3,69.49852864000853,59.513428668071526,937174.0318407132,,383.9622377265716,1233.572048969976
bd497cd,2026-04-07T11:16:18+01:00,linuxpc,16,4427,True,31.26,1.37451,50000,RocksDB/ReadAndWriteLoad/Sync/real_time/threads:8_cv,aggregate,cv,3,0.09234935527946464,0.0806495488059837,0.08768416600067122,,0.07062023868430597,0.12809678597819066
bd497cd,2026-04-07T11:16:18+01:00,linuxpc,16,4427,True,31.26,1.37451,50000,RocksDB/ReadAndWriteLoad/Sync/real_time/threads:16,iteration,,663984,1055.6518242533764,960.523750572304,15156512.433743209,,14570.0,23361.0
bd497cd,2026-04-07T11:16:18+01:00,linuxpc,16,4427,True,31.26,1.37451,50000,RocksDB/ReadAndWriteLoad/Sync/real_time/threads:16,iteration,,663984,1079.5405687401712,978.9905148316825,14821119.708981453,,14870.0,23880.0
bd497cd,2026-04-07T11:16:18+01:00,linuxpc,16,4427,True,31.26,1.37451,50000,RocksDB/ReadAndWriteLoad/Sync/real_time/threads:16,iteration,,663984,1031.0708964182095,1001.9611827995868,15517846.595788587,,15280.0,23990.0
bd497cd,2026-04-07T11:16:18+01:00,linuxpc,16,4427,True,31.26,1.37451,50000,RocksDB/ReadAndWriteLoad/Sync/real_time/threads:16_mean,aggregate,mean,3,1055.4210964705858,980.4918160678577,15165159.579504415,,14906.666666666666,23743.666666666664
bd497cd,2026-04-07T11:16:18+01:00,linuxpc,16,4427,True,31.26,1.37451,50000,RocksDB/ReadAndWriteLoad/Sync/real_time/threads:16_median,aggregate,median,3,1055.6518242533764,978.9905148316825,15156512.433743209,,14870.0,23880.0
bd497cd,2026-04-07T11:16:18+01:00,linuxpc,16,4427,True,31.26,1.37451,50000,RocksDB/ReadAndWriteLoad/Sync/real_time/threads:16_stddev,aggregate,stddev,3,24.235659888515112,20.7594707651454,348443.92453787936,,356.41735835021177,335.9320367773414
bd497cd,2026-04-07T11:16:18+01:00,linuxpc,16,4427,True,31.26,1.37451,50000,RocksDB/ReadAndWriteLoad/Sync/real_time/threads:16_cv,aggregate,cv,3,0.022963023924347483,0.021172507944430086,0.022976607843203864,,0.023909930121883617,0.014148279686260538
bd497cd,2026-04-07T11:16:18+01:00,linuxpc,16,4427,True,31.26,1.37451,50000,RocksDB/ReadAndWriteLoad/Sync/NoCache/real_time/threads:2,iteration,,1122294,653.7353902144546,648.883959105193,3059341.7917055245,,1190.0,2210.0
bd497cd,2026-04-07T11:16:18+01:00,linuxpc,16,4427,True,31.26,1.37451,50000,RocksDB/ReadAndWriteLoad/Sync/NoCache/real_time/threads:2,iteration,,1122294,642.4353110892491,638.913484345456,3113153.909004472,,1170.0,2140.0
bd497cd,2026-04-07T11:16:18+01:00,linuxpc,16,4427,True,31.26,1.37451,50000,RocksDB/ReadAndWriteLoad/Sync/NoCache/real_time/threads:2,iteration,,1122294,648.9383717565903,645.4217611427973,3081956.757444108,,1170.0,2240.0
bd497cd,2026-04-07T11:16:18+01:00,linuxpc,16,4427,True,31.26,1.37451,50000,RocksDB/ReadAndWriteLoad/Sync/NoCache/real_time/threads:2_mean,aggregate,mean,3,648.369691020098,644.4064015311487,3084817.486051368,,1176.6666666666665,2196.6666666666665
bd497cd,2026-04-07T11:16:18+01:00,linuxpc,16,4427,True,31.26,1.37451,50000,RocksDB/ReadAndWriteLoad/Sync/NoCache/real_time/threads:2_median,aggregate,median,3,648.9383717565903,645.4217611427973,3081956.757444108,,1170.0,2210.0
bd497cd,2026-04-07T11:16:18+01:00,linuxpc,16,4427,True,31.26,1.37451,50000,RocksDB/ReadAndWriteLoad/Sync/NoCache/real_time/threads:2_stddev,aggregate,stddev,3,5.671463249807182,5.062193999582618,27019.878204238357,,11.547005383814358,51.31601439447489
bd497cd,2026-04-07T11:16:18+01:00,linuxpc,16,4427,True,31.26,1.37451,50000,RocksDB/ReadAndWriteLoad/Sync/NoCache/real_time/threads:2_cv,aggregate,cv,3,0.008747267690573431,0.007855592352209007,0.008758987631007102,,0.009813319023071695,0.023360856325254125
bd497cd,2026-04-07T11:16:18+01:00,linuxpc,16,4427,True,31.26,1.37451,50000,RocksDB/ReadAndWriteLoad/Sync/NoCache/real_time/threads:4,iteration,,1020348,712.0288380801691,707.0375754154479,5617749.992802441,,2600.0,4600.0
bd497cd,2026-04-07T11:16:18+01:00,linuxpc,16,4427,True,31.26,1.37451,50000,RocksDB/ReadAndWriteLoad/Sync/NoCache/real_time/threads:4,iteration,,1020348,725.1955107195449,716.0198971331375,5515753.94617538,,2590.0,5100.0
bd497cd,2026-04-07T11:16:18+01:00,linuxpc,16,4427,True,31.26,1.37451,50000,RocksDB/ReadAndWriteLoad/Sync/NoCache/real_time/threads:4,iteration,,1020348,705.6857494101382,698.2274939530408,5668245.395834452,,2570.0,4480.0
bd497cd,2026-04-07T11:16:18+01:00,linuxpc,16,4427,True,31.26,1.37451,50000,RocksDB/ReadAndWriteLoad/Sync/NoCache/real_time/threads:4_mean,aggregate,mean,3,714.3033660699507,707.0949888338754,5600583.111604091,,2586.6666666666665,4726.666666666666
bd497cd,2026-04-07T11:16:18+01:00,linuxpc,16,4427,True,31.26,1.37451,50000,RocksDB/ReadAndWriteLoad/Sync/NoCache/real_time/threads:4_median,aggregate,median,3,712.0288380801691,707.0375754154479,5617749.992802441,,2590.0,4600.0
bd497cd,2026-04-07T11:16:18+01:00,linuxpc,16,4427,True,31.26,1.37451,50000,RocksDB/ReadAndWriteLoad/Sync/NoCache/real_time/threads:4_stddev,aggregate,stddev,3,9.951773950898923,8.896340537347841,77681.63819293393,,15.27525231653979,328.83633213703393
bd497cd,2026-04-07T11:16:18+01:00,linuxpc,16,4427,True,31.26,1.37451,50000,RocksDB/ReadAndWriteLoad/Sync/NoCache/real_time/threads:4_cv,aggregate,cv,3,0.013932139233296517,0.01258153526447625,0.01387027683456424,,0.005905381050208682,0.0695704510868196
bd497cd,2026-04-07T11:16:18+01:00,linuxpc,16,4427,True,31.26,1.37451,50000,RocksDB/ReadAndWriteLoad/Sync/NoCache/real_time/threads:8,iteration,,962008,695.2282132895718,691.0651002902301,11507012.873005906,,5050.0,9090.0
bd497cd,2026-04-07T11:16:18+01:00,linuxpc,16,4427,True,31.26,1.37451,50000,RocksDB/ReadAndWriteLoad/Sync/NoCache/real_time/threads:8,iteration,,962008,801.385793068137,794.7796099408678,9982707.541359931,,5770.0,11321.0
bd497cd,2026-04-07T11:16:18+01:00,linuxpc,16,4427,True,31.26,1.37451,50000,RocksDB/ReadAndWriteLoad/Sync/NoCache/real_time/threads:8,iteration,,962008,705.8478932512737,695.7483388911583,11333886.629809763,,5110.0,9040.0
bd497cd,2026-04-07T11:16:18+01:00,linuxpc,16,4427,True,31.26,1.37451,50000,RocksDB/ReadAndWriteLoad/Sync/NoCache/real_time/threads:8_mean,aggregate,mean,3,734.1539665363275,727.197683040752,10941202.348058533,,5310.0,9817.0
bd497cd,2026-04-07T11:16:18+01:00,linuxpc,16,4427,True,31.26,1.37451,50000,RocksDB/ReadAndWriteLoad/Sync/NoCache/real_time/threads:8_median,aggregate,median,3,705.8478932512736,695.7483388911583,11333886.629809763,,5110.0,9090.0
bd497cd,2026-04-07T11:16:18+01:00,linuxpc,16,4427,True,31.26,1.37451,50000,RocksDB/ReadAndWriteLoad/Sync/NoCache/real_time/threads:8_stddev,aggregate,stddev,3,58.46608653505644,58.574489443766225,834582.167837263,,399.49968710876357,1302.7421080167728
bd497cd,2026-04-07T11:16:18+01:00,linuxpc,16,4427,True,31.26,1.37451,50000,RocksDB/ReadAndWriteLoad/Sync/NoCache/real_time/threads:8_cv,aggregate,cv,3,0.07963736382286973,0.08054823442071353,0.07627883492944958,,0.07523534597151857,0.13270266965638922
bd497cd,2026-04-07T11:16:18+01:00,linuxpc,16,4427,True,31.26,1.37451,50000,RocksDB/ReadAndWriteLoad/Sync/NoCache/real_time/threads:16,iteration,,634384,1048.4881381608388,944.1748278645046,15260067.727676656,,14110.0,24750.0
bd497cd,2026-04-07T11:16:18+01:00,linuxpc,16,4427,True,31.26,1.37451,50000,RocksDB/ReadAndWriteLoad/Sync/NoCache/real_time/threads:16,iteration,,634384,1141.5444525280557,859.3904606673565,14016098.947847825,,12690.0,22680.0
bd497cd,2026-04-07T11:16:18+01:00,linuxpc,16,4427,True,31.26,1.37451,50000,RocksDB/ReadAndWriteLoad/Sync/NoCache/real_time/threads:16,iteration,,634384,1083.6510094292603,888.94994041464,14764901.117405795,,13280.0,23950.0
bd497cd,2026-04-07T11:16:18+01:00,linuxpc,16,4427,True,31.26,1.37451,50000,RocksDB/ReadAndWriteLoad/Sync/NoCache/real_time/threads:16_mean,aggregate,mean,3,1091.2278667060514,897.5050763155003,14680355.930976758,,13360.0,23793.333333333332
bd497cd,2026-04-07T11:16:18+01:00,linuxpc,16,4427,True,31.26,1.37451,50000,RocksDB/ReadAndWriteLoad/Sync/NoCache/real_time/threads:16_median,aggregate,median,3,1083.65100942926,888.9499404146401,14764901.117405795,,13280.0,23950.0
bd497cd,2026-04-07T11:16:18+01:00,linuxpc,16,4427,True,31.26,1.37451,50000,RocksDB/ReadAndWriteLoad/Sync/NoCache/real_time/threads:16_stddev,aggregate,stddev,3,46.9885729252062,43.034753315978776,626279.0893111897,,713.3722730804619,1043.855034635228
bd497cd,2026-04-07T11:16:18+01:00,linuxpc,16,4427,True,31.26,1.37451,50000,RocksDB/ReadAndWriteLoad/Sync/NoCache/real_time/threads:16_cv,aggregate,cv,3,0.043060275822175004,0.047949314663096966,0.04266102894615037,,0.053396128224585476,0.0438717442407633
bd497cd,2026-04-07T11:16:18+01:00,linuxpc,16,4427,True,31.26,1.37451,50000,ByteCask/PutMT/Sync/real_time/threads:2,iteration,,154,4021360.3053133115,282008.5064935157,497.3441443079487,,8297449.0,9017429.0
bd497cd,2026-04-07T11:16:18+01:00,linuxpc,16,4427,True,31.26,1.37451,50000,ByteCask/PutMT/Sync/real_time/threads:2,iteration,,154,4073593.7859076867,280604.3636363473,490.96697047183756,,8092497.0,13958886.0
bd497cd,2026-04-07T11:16:18+01:00,linuxpc,16,4427,True,31.26,1.37451,50000,ByteCask/PutMT/Sync/real_time/threads:2,iteration,,154,5535230.44838183,277218.1493506599,361.321903153044,,8512442.0,47188294.0
bd497cd,2026-04-07T11:16:18+01:00,linuxpc,16,4427,True,31.26,1.37451,50000,ByteCask/PutMT/Sync/real_time/threads:2_mean,aggregate,mean,3,4543394.846534275,279943.6731601743,449.8776726442767,,8300796.0,23388203.0
bd497cd,2026-04-07T11:16:18+01:00,linuxpc,16,4427,True,31.26,1.37451,50000,ByteCask/PutMT/Sync/real_time/threads:2_median,aggregate,median,3,4073593.7859076858,280604.36363634723,490.96697047183756,,8297449.0,13958886.0
bd497cd,2026-04-07T11:16:18+01:00,linuxpc,16,4427,True,31.26,1.37451,50000,ByteCask/PutMT/Sync/real_time/threads:2_stddev,aggregate,stddev,3,859351.7789258241,2462.5727030889743,76.75780298557471,,209992.50596865616,20759040.151869327
bd497cd,2026-04-07T11:16:18+01:00,linuxpc,16,4427,True,31.26,1.37451,50000,ByteCask/PutMT/Sync/real_time/threads:2_cv,aggregate,cv,3,0.1891430984875422,0.008796672113679004,0.17061927642332222,,0.02529787576621039,0.8875859403079974
bd497cd,2026-04-07T11:16:18+01:00,linuxpc,16,4427,True,31.26,1.37451,50000,ByteCask/PutMT/Sync/real_time/threads:4,iteration,,84,6455725.036045936,187599.67857145204,619.605075753034,,17611181.0,88380258.0
bd497cd,2026-04-07T11:16:18+01:00,linuxpc,16,4427,True,31.26,1.37451,50000,ByteCask/PutMT/Sync/real_time/threads:4,iteration,,84,5853527.261587303,191725.41666664794,683.3486582097712,,18515673.0,47999805.0
bd497cd,2026-04-07T11:16:18+01:00,linuxpc,16,4427,True,31.26,1.37451,50000,ByteCask/PutMT/Sync/real_time/threads:4,iteration,,84,4755307.40472355,180825.0476190329,841.1653883882907,,18159016.0,19571235.0
bd497cd,2026-04-07T11:16:18+01:00,linuxpc,16,4427,True,31.26,1.37451,50000,ByteCask/PutMT/Sync/real_time/threads:4_mean,aggregate,mean,3,5688186.567452262,186716.71428571094,714.7063741170319,,18095290.0,51983766.0
bd497cd,2026-04-07T11:16:18+01:00,linuxpc,16,4427,True,31.26,1.37451,50000,ByteCask/PutMT/Sync/real_time/threads:4_median,aggregate,median,3,5853527.261587303,187599.67857145204,683.3486582097712,,18159016.0,47999805.0
bd497cd,2026-04-07T11:16:18+01:00,linuxpc,16,4427,True,31.26,1.37451,50000,ByteCask/PutMT/Sync/real_time/threads:4_stddev,aggregate,stddev,3,862182.2249854113,5503.565279978272,114.06017181272613,,455600.91837367654,34577078.68647627
bd497cd,2026-04-07T11:16:18+01:00,linuxpc,16,4427,True,31.26,1.37451,50000,ByteCask/PutMT/Sync/real_time/threads:4_cv,aggregate,cv,3,0.15157418181724347,0.02947548269062192,0.15959025404473162,,0.025177873268329855,0.665151476068053
bd497cd,2026-04-07T11:16:18+01:00,linuxpc,16,4427,True,31.26,1.37451,50000,ByteCask/PutMT/Sync/real_time/threads:8,iteration,,64,7873054.626543308,146607.50000003353,1016.1240305673363,,38502623.0,97336014.0
bd497cd,2026-04-07T11:16:18+01:00,linuxpc,16,4427,True,31.26,1.37451,50000,ByteCask/PutMT/Sync/real_time/threads:8,iteration,,64,8192544.655685197,114293.81250000211,976.4975762992539,,36989730.0,102447239.0
bd497cd,2026-04-07T11:16:18+01:00,linuxpc,16,4427,True,31.26,1.37451,50000,ByteCask/PutMT/Sync/real_time/threads:8,iteration,,64,7965107.078234723,117584.92187493679,1004.380722245483,,34493395.0,103262365.0
bd497cd,2026-04-07T11:16:18+01:00,linuxpc,16,4427,True,31.26,1.37451,50000,ByteCask/PutMT/Sync/real_time/threads:8_mean,aggregate,mean,3,8010235.453487742,126162.07812499079,999.000776370691,,36661916.0,101015206.0
bd497cd,2026-04-07T11:16:18+01:00,linuxpc,16,4427,True,31.26,1.37451,50000,ByteCask/PutMT/Sync/real_time/threads:8_median,aggregate,median,3,7965107.078234724,117584.92187493679,1004.380722245483,,36989730.0,102447239.0
bd497cd,2026-04-07T11:16:18+01:00,linuxpc,16,4427,True,31.26,1.37451,50000,ByteCask/PutMT/Sync/real_time/threads:8_stddev,aggregate,stddev,3,164456.36919873182,17782.556255100113,20.35366877682835,,2024616.9521523695,3212234.1023991387
bd497cd,2026-04-07T11:16:18+01:00,linuxpc,16,4427,True,31.26,1.37451,50000,ByteCask/PutMT/Sync/real_time/threads:8_cv,aggregate,cv,3,0.020530778421391567,0.14095008991119065,0.020374026986016956,,0.055223980987583125,0.03179951048557124
bd497cd,2026-04-07T11:16:18+01:00,linuxpc,16,4427,True,31.26,1.37451,50000,ByteCask/PutMT/Sync/real_time/threads:16,iteration,,64,8053545.219809166,81617.21875001391,1986.7026959313616,,72351201.0,177889775.0
bd497cd,2026-04-07T11:16:18+01:00,linuxpc,16,4427,True,31.26,1.37451,50000,ByteCask/PutMT/Sync/real_time/threads:16,iteration,,64,11802521.670688294,83100.65625000658,1355.642501359366,,181253449.0,197815164.0
bd497cd,2026-04-07T11:16:18+01:00,linuxpc,16,4427,True,31.26,1.37451,50000,ByteCask/PutMT/Sync/real_time/threads:16,iteration,,64,11701741.482283978,81054.10937499216,1367.3178495887498,,178948396.0,196210674.0
bd497cd,2026-04-07T11:16:18+01:00,linuxpc,16,4427,True,31.26,1.37451,50000,ByteCask/PutMT/Sync/real_time/threads:16_mean,aggregate,mean,3,10519269.457593812,81923.99479167089,1569.887682293159,,144184348.66666666,190638537.66666666
bd497cd,2026-04-07T11:16:18+01:00,linuxpc,16,4427,True,31.26,1.37451,50000,ByteCask/PutMT/Sync/real_time/threads:16_median,aggregate,median,3,11701741.482283978,81617.21875001393,1367.3178495887498,,178948396.0,196210674.0
bd497cd,2026-04-07T11:16:18+01:00,linuxpc,16,4427,True,31.26,1.37451,50000,ByteCask/PutMT/Sync/real_time/threads:16_stddev,aggregate,stddev,3,2135974.2915570736,1057.2001620819713,361.01959106775735,,62220005.98769706,11069860.396060647
bd497cd,2026-04-07T11:16:18+01:00,linuxpc,16,4427,True,31.26,1.37451,50000,ByteCask/PutMT/Sync/real_time/threads:16_cv,aggregate,cv,3,0.20305348200916404,0.012904646126820168,0.2299652358189157,,0.4315309294182873,0.058067275019788527
bd497cd,2026-04-07T11:16:18+01:00,linuxpc,16,4427,True,31.26,1.37451,50000,RocksDB/PutMT/Sync/real_time/threads:2,iteration,,266,2840620.7478619213,246516.40225562637,704.071460966889,,4413193.0,9704196.0
bd497cd,2026-04-07T11:16:18+01:00,linuxpc,16,4427,True,31.26,1.37451,50000,RocksDB/PutMT/Sync/real_time/threads:2,iteration,,266,2756135.9811238106,228685.42857141682,725.6536011639392,,4335402.0,12429919.0
bd497cd,2026-04-07T11:16:18+01:00,linuxpc,16,4427,True,31.26,1.37451,50000,RocksDB/PutMT/Sync/real_time/threads:2,iteration,,266,2514748.120044981,181901.03383459456,795.3082792101764,,4189350.0,8900536.0
bd497cd,2026-04-07T11:16:18+01:00,linuxpc,16,4427,True,31.26,1.37451,50000,RocksDB/PutMT/Sync/real_time/threads:2_mean,aggregate,mean,3,2703834.9496769044,219034.2882205459,741.6777804470014,,4312648.333333333,10344883.666666666
bd497cd,2026-04-07T11:16:18+01:00,linuxpc,16,4427,True,31.26,1.37451,50000,RocksDB/PutMT/Sync/real_time/threads:2_median,aggregate,median,3,2756135.9811238106,228685.42857141676,725.6536011639392,,4335402.0,9704196.0
bd497cd,2026-04-07T11:16:18+01:00,linuxpc,16,4427,True,31.26,1.37451,50000,RocksDB/PutMT/Sync/real_time/threads:2_stddev,aggregate,stddev,3,169114.726762299,33371.31764855229,47.68249146239836,,113642.94598582831,1849863.9422498986
bd497cd,2026-04-07T11:16:18+01:00,linuxpc,16,4427,True,31.26,1.37451,50000,RocksDB/PutMT/Sync/real_time/threads:2_cv,aggregate,cv,3,0.0625462463167389,0.1523565918362091,0.06429003634659329,,0.026351081099624783,0.1788192116853415
bd497cd,2026-04-07T11:16:18+01:00,linuxpc,16,4427,True,31.26,1.37451,50000,RocksDB/PutMT/Sync/real_time/threads:4,iteration,,152,5194501.09928393,127675.22368419565,770.045077197386,,10843659.0,91476876.0
bd497cd,2026-04-07T11:16:18+01:00,linuxpc,16,4427,True,31.26,1.37451,50000,RocksDB/PutMT/Sync/real_time/threads:4,iteration,,152,2815332.2104787403,124898.70394733165,1420.7914736001296,,8679304.0,17468071.0
bd497cd,2026-04-07T11:16:18+01:00,linuxpc,16,4427,True,31.26,1.37451,50000,RocksDB/PutMT/Sync/real_time/threads:4,iteration,,152,3078635.5392161855,139451.5986842094,1299.276887129807,,8887356.0,24196120.0
bd497cd,2026-04-07T11:16:18+01:00,linuxpc,16,4427,True,31.26,1.37451,50000,RocksDB/PutMT/Sync/real_time/threads:4_mean,aggregate,mean,3,3696156.2829929516,130675.17543857888,1163.3711459757742,,9470106.333333332,44380355.666666664
bd497cd,2026-04-07T11:16:18+01:00,linuxpc,16,4427,True,31.26,1.37451,50000,RocksDB/PutMT/Sync/real_time/threads:4_median,aggregate,median,3,3078635.539216185,127675.22368419562,1299.276887129807,,8887356.0,24196120.0
bd497cd,2026-04-07T11:16:18+01:00,linuxpc,16,4427,True,31.26,1.37451,50000,RocksDB/PutMT/Sync/real_time/threads:4_stddev,aggregate,stddev,3,1304266.097125348,7726.349021506237,346.0064970007923,,1194071.4403905454,40925277.41466952
bd497cd,2026-04-07T11:16:18+01:00,linuxpc,16,4427,True,31.26,1.37451,50000,RocksDB/PutMT/Sync/real_time/threads:4_cv,aggregate,cv,3,0.3528709278681318,0.05912637190326822,0.29741712109473056,,0.12608849345097592,0.9221484776294347
bd497cd,2026-04-07T11:16:18+01:00,linuxpc,16,4427,True,31.26,1.37451,50000,RocksDB/PutMT/Sync/real_time/threads:8,iteration,,232,3450464.4141195277,98397.99137932579,2318.5284761272924,,21806463.0,39088828.0
bd497cd,2026-04-07T11:16:18+01:00,linuxpc,16,4427,True,31.26,1.37451,50000,RocksDB/PutMT/Sync/real_time/threads:8,iteration,,232,3483528.991888181,101183.41379308248,2296.521722261812,,25757077.0,39838002.0
bd497cd,2026-04-07T11:16:18+01:00,linuxpc,16,4427,True,31.26,1.37451,50000,RocksDB/PutMT/Sync/real_time/threads:8,iteration,,232,3825437.0173772573,115518.30172414442,2091.2643349399195,,27903385.0,60069059.0
bd497cd,2026-04-07T11:16:18+01:00,linuxpc,16,4427,True,31.26,1.37451,50000,RocksDB/PutMT/Sync/real_time/threads:8_mean,aggregate,mean,3,3586476.807794988,105033.23563218424,2235.438177776341,,25155641.666666664,46331963.0
bd497cd,2026-04-07T11:16:18+01:00,linuxpc,16,4427,True,31.26,1.37451,50000,RocksDB/PutMT/Sync/real_time/threads:8_median,aggregate,median,3,3483528.9918881804,101183.41379308247,2296.521722261812,,25757077.0,39838002.0
bd497cd,2026-04-07T11:16:18+01:00,linuxpc,16,4427,True,31.26,1.37451,50000,RocksDB/PutMT/Sync/real_time/threads:8_stddev,aggregate,stddev,3,207604.92021736654,9186.517442444947,125.34211990624476,,3092637.6790140546,11902569.903406607
bd497cd,2026-04-07T11:16:18+01:00,linuxpc,16,4427,True,31.26,1.37451,50000,RocksDB/PutMT/Sync/real_time/threads:8_cv,aggregate,cv,3,0.057885476846288246,0.0874629576738472,0.05607049264539555,,0.12294012293520856,0.2568975958002601
bd497cd,2026-04-07T11:16:18+01:00,linuxpc,16,4427,True,31.26,1.37451,50000,RocksDB/PutMT/Sync/real_time/threads:16,iteration,,64,15762310.451464146,112602.54687498041,1015.0796134404126,,242852750.0,282112048.0
bd497cd,2026-04-07T11:16:18+01:00,linuxpc,16,4427,True,31.26,1.37451,50000,RocksDB/PutMT/Sync/real_time/threads:16,iteration,,64,9171492.814857628,111933.45312500984,1744.5360665910712,,56570285.0,190521809.0
bd497cd,2026-04-07T11:16:18+01:00,linuxpc,16,4427,True,31.26,1.37451,50000,RocksDB/PutMT/Sync/real_time/threads:16,iteration,,64,5910337.452405656,94264.21874996537,2707.121231036918,,70073703.0,74679915.0
bd497cd,2026-04-07T11:16:18+01:00,linuxpc,16,4427,True,31.26,1.37451,50000,RocksDB/PutMT/Sync/real_time/threads:16_mean,aggregate,mean,3,10281380.23957581,106266.73958331853,1822.2456370228003,,123165579.33333333,182437924.0
bd497cd,2026-04-07T11:16:18+01:00,linuxpc,16,4427,True,31.26,1.37451,50000,RocksDB/PutMT/Sync/real_time/threads:16_median,aggregate,median,3,9171492.81485763,111933.45312500984,1744.5360665910712,,70073703.0,190521809.0
bd497cd,2026-04-07T11:16:18+01:00,linuxpc,16,4427,True,31.26,1.37451,50000,RocksDB/PutMT/Sync/real_time/threads:16_stddev,aggregate,stddev,3,5018887.383196103,10399.870257742241,848.6932849517327,,103871794.49236698,103952077.16901255
bd497cd,2026-04-07T11:16:18+01:00,linuxpc,16,4427,True,31.26,1.37451,50000,RocksDB/PutMT/Sync/real_time/threads:16_cv,aggregate,cv,3,0.4881530753893382,0.09786571319042131,0.4657403303422554,,0.8433508375846636,0.5697942340596495
bd497cd,2026-04-07T11:33:58+01:00,linuxpc,16,4427,True,31.26,0.171875,50000,ByteCask/Recovery//8/real_time,iteration,,40,16286255.195154808,5367892.549999976,,,,
bd497cd,2026-04-07T11:33:58+01:00,linuxpc,16,4427,True,31.26,0.171875,50000,ByteCask/Recovery//8/real_time,iteration,,40,17113884.798891377,6064933.850000021,,,,
bd497cd,2026-04-07T11:33:58+01:00,linuxpc,16,4427,True,31.26,0.171875,50000,ByteCask/Recovery//8/real_time,iteration,,40,19551381.675410084,8480249.150000008,,,,
bd497cd,2026-04-07T11:33:58+01:00,linuxpc,16,4427,True,31.26,0.171875,50000,ByteCask/Recovery//8/real_time_mean,aggregate,mean,3,17650507.22315209,6637691.8500000015,,,,
bd497cd,2026-04-07T11:33:58+01:00,linuxpc,16,4427,True,31.26,0.171875,50000,ByteCask/Recovery//8/real_time_median,aggregate,median,3,17113884.798891377,6064933.85000002,,,,
bd497cd,2026-04-07T11:33:58+01:00,linuxpc,16,4427,True,31.26,0.171875,50000,ByteCask/Recovery//8/real_time_stddev,aggregate,stddev,3,1697420.234556132,1633318.6144515488,,,,
bd497cd,2026-04-07T11:33:58+01:00,linuxpc,16,4427,True,31.26,0.171875,50000,ByteCask/Recovery//8/real_time_cv,aggregate,cv,3,96168354.43287621,246067255.20883417,,,,
bd497cd,2026-04-07T11:33:58+01:00,linuxpc,16,4427,True,31.26,0.171875,50000,ByteCask/Recovery//16/real_time,iteration,,39,17573283.441985648,7022857.846153854,,,,
bd497cd,2026-04-07T11:33:58+01:00,linuxpc,16,4427,True,31.26,0.171875,50000,ByteCask/Recovery//16/real_time,iteration,,39,20115596.51239226,9560028.051282097,,,,
bd497cd,2026-04-07T11:33:58+01:00,linuxpc,16,4427,True,31.26,0.171875,50000,ByteCask/Recovery//16/real_time,iteration,,39,20626917.717238076,10101407.820512803,,,,
bd497cd,2026-04-07T11:33:58+01:00,linuxpc,16,4427,True,31.26,0.171875,50000,ByteCask/Recovery//16/real_time_mean,aggregate,mean,3,19438599.223871995,8894764.572649585,,,,
bd497cd,2026-04-07T11:33:58+01:00,linuxpc,16,4427,True,31.26,0.171875,50000,ByteCask/Recovery//16/real_time_median,aggregate,median,3,20115596.51239226,9560028.051282097,,,,
bd497cd,2026-04-07T11:33:58+01:00,linuxpc,16,4427,True,31.26,0.171875,50000,ByteCask/Recovery//16/real_time_stddev,aggregate,stddev,3,1635516.6059220918,1643562.9310002294,,,,
bd497cd,2026-04-07T11:33:58+01:00,linuxpc,16,4427,True,31.26,0.171875,50000,ByteCask/Recovery//16/real_time_cv,aggregate,cv,3,84137575.29984774,184778688.35944274,,,,
bd497cd,2026-04-07T11:33:58+01:00,linuxpc,16,4427,True,31.26,0.171875,50000,ByteCask/Recovery//1/real_time,iteration,,56,13903339.069137083,11728563.946428584,,,,
bd497cd,2026-04-07T11:33:58+01:00,linuxpc,16,4427,True,31.26,0.171875,50000,ByteCask/Recovery//1/real_time,iteration,,56,14965029.070611177,13106708.642857166,,,,
bd497cd,2026-04-07T11:33:58+01:00,linuxpc,16,4427,True,31.26,0.171875,50000,ByteCask/Recovery//1/real_time,iteration,,56,24946872.890203457,23107183.66071426,,,,
bd497cd,2026-04-07T11:33:58+01:00,linuxpc,16,4427,True,31.26,0.171875,50000,ByteCask/Recovery//1/real_time_mean,aggregate,mean,3,17938413.67665057,15980818.75,,,,
bd497cd,2026-04-07T11:33:58+01:00,linuxpc,16,4427,True,31.26,0.171875,50000,ByteCask/Recovery//1/real_time_median,aggregate,median,3,14965029.070611177,13106708.642857166,,,,
bd497cd,2026-04-07T11:33:58+01:00,linuxpc,16,4427,True,31.26,0.171875,50000,ByteCask/Recovery//1/real_time_stddev,aggregate,stddev,3,6092673.618850218,6209962.023359572,,,,
bd497cd,2026-04-07T11:33:58+01:00,linuxpc,16,4427,True,31.26,0.171875,50000,ByteCask/Recovery//1/real_time_cv,aggregate,cv,3,339643946.70977575,388588477.2555581,,,,
bd497cd,2026-04-07T11:33:58+01:00,linuxpc,16,4427,True,31.26,0.171875,50000,ByteCask/Recovery//2/real_time,iteration,,41,15661259.780910503,4200434.121951258,,,,
bd497cd,2026-04-07T11:33:58+01:00,linuxpc,16,4427,True,31.26,0.171875,50000,ByteCask/Recovery//2/real_time,iteration,,41,23485854.0253055,10555679.951219454,,,,
bd497cd,2026-04-07T11:33:58+01:00,linuxpc,16,4427,True,31.26,0.171875,50000,ByteCask/Recovery//2/real_time,iteration,,41,24239829.07557951,11441895.658536585,,,,
bd497cd,2026-04-07T11:33:58+01:00,linuxpc,16,4427,True,31.26,0.171875,50000,ByteCask/Recovery//2/real_time_mean,aggregate,mean,3,21128980.9605985,8732669.9105691,,,,
bd497cd,2026-04-07T11:33:58+01:00,linuxpc,16,4427,True,31.26,0.171875,50000,ByteCask/Recovery//2/real_time_median,aggregate,median,3,23485854.0253055,10555679.951219454,,,,
bd497cd,2026-04-07T11:33:58+01:00,linuxpc,16,4427,True,31.26,0.171875,50000,ByteCask/Recovery//2/real_time_stddev,aggregate,stddev,3,4750168.4989288105,3949963.9875187716,,,,
bd497cd,2026-04-07T11:33:58+01:00,linuxpc,16,4427,True,31.26,0.171875,50000,ByteCask/Recovery//2/real_time_cv,aggregate,cv,3,224817680.88044396,452320313.02799547,,,,
bd497cd,2026-04-07T11:33:58+01:00,linuxpc,16,4427,True,31.26,0.171875,50000,ByteCask/Recovery//4/real_time,iteration,,38,18296428.631353926,7104613.605263148,,,,
bd497cd,2026-04-07T11:33:58+01:00,linuxpc,16,4427,True,31.26,0.171875,50000,ByteCask/Recovery//4/real_time,iteration,,38,19133006.968523227,7784435.921052601,,,,
bd497cd,2026-04-07T11:33:58+01:00,linuxpc,16,4427,True,31.26,0.171875,50000,ByteCask/Recovery//4/real_time,iteration,,38,23795542.740691945,12007938.131578907,,,,
bd497cd,2026-04-07T11:33:58+01:00,linuxpc,16,4427,True,31.26,0.171875,50000,ByteCask/Recovery//4/real_time_mean,aggregate,mean,3,20408326.113523033,8965662.552631551,,,,
bd497cd,2026-04-07T11:33:58+01:00,linuxpc,16,4427,True,31.26,0.171875,50000,ByteCask/Recovery//4/real_time_median,aggregate,median,3,19133006.968523227,7784435.921052601,,,,
bd497cd,2026-04-07T11:33:58+01:00,linuxpc,16,4427,True,31.26,0.171875,50000,ByteCask/Recovery//4/real_time_stddev,aggregate,stddev,3,2963088.454312885,2656524.067076366,,,,
bd497cd,2026-04-07T11:33:58+01:00,linuxpc,16,4427,True,31.26,0.171875,50000,ByteCask/Recovery//4/real_time_cv,aggregate,cv,3,145190175.70723125,296299805.1155336,,,,
bd497cd,2026-04-07T11:34:31+01:00,linuxpc,16,4427,True,31.26,0.481934,50000,ByteCask/Recovery/2/real_time,iteration,,58,13077990.380758097,2350067.7758620717,,,,
bd497cd,2026-04-07T11:34:31+01:00,linuxpc,16,4427,True,31.26,0.481934,50000,ByteCask/Recovery/2/real_time,iteration,,58,16949059.692580767,5375362.034482753,,,,
bd497cd,2026-04-07T11:34:31+01:00,linuxpc,16,4427,True,31.26,0.481934,50000,ByteCask/Recovery/2/real_time,iteration,,58,17652344.36105198,5965505.379310333,,,,
bd497cd,2026-04-07T11:34:31+01:00,linuxpc,16,4427,True,31.26,0.481934,50000,ByteCask/Recovery/2/real_time_mean,aggregate,mean,3,15893131.47813028,4563645.063218386,,,,
bd497cd,2026-04-07T11:34:31+01:00,linuxpc,16,4427,True,31.26,0.481934,50000,ByteCask/Recovery/2/real_time_median,aggregate,median,3,16949059.692580767,5375362.034482753,,,,
bd497cd,2026-04-07T11:34:31+01:00,linuxpc,16,4427,True,31.26,0.481934,50000,ByteCask/Recovery/2/real_time_stddev,aggregate,stddev,3,2463212.715096297,1939590.3168416445,,,,
bd497cd,2026-04-07T11:34:31+01:00,linuxpc,16,4427,True,31.26,0.481934,50000,ByteCask/Recovery/2/real_time_cv,aggregate,cv,3,154985989.9218601,425009020.1961941,,,,
bd497cd,2026-04-07T11:34:31+01:00,linuxpc,16,4427,True,31.26,0.481934,50000,ByteCask/Recovery/16/real_time,iteration,,38,19299958.759036504,8438260.210526276,,,,
bd497cd,2026-04-07T11:34:31+01:00,linuxpc,16,4427,True,31.26,0.481934,50000,ByteCask/Recovery/16/real_time,iteration,,38,20252789.055168826,9609746.921052694,,,,
bd497cd,2026-04-07T11:34:31+01:00,linuxpc,16,4427,True,31.26,0.481934,50000,ByteCask/Recovery/16/real_time,iteration,,38,21114132.602968693,10341992.894736841,,,,
bd497cd,2026-04-07T11:34:31+01:00,linuxpc,16,4427,True,31.26,0.481934,50000,ByteCask/Recovery/16/real_time_mean,aggregate,mean,3,20222293.472391337,9463333.34210527,,,,
bd497cd,2026-04-07T11:34:31+01:00,linuxpc,16,4427,True,31.26,0.481934,50000,ByteCask/Recovery/16/real_time_median,aggregate,median,3,20252789.055168826,9609746.921052692,,,,
bd497cd,2026-04-07T11:34:31+01:00,linuxpc,16,4427,True,31.26,0.481934,50000,ByteCask/Recovery/16/real_time_stddev,aggregate,stddev,3,907471.3050166384,960274.5624601571,,,,
bd497cd,2026-04-07T11:34:31+01:00,linuxpc,16,4427,True,31.26,0.481934,50000,ByteCask/Recovery/16/real_time_cv,aggregate,cv,3,44874796.5336163,101473183.6812301,,,,
bd497cd,2026-04-07T11:34:31+01:00,linuxpc,16,4427,True,31.26,0.481934,50000,ByteCask/Recovery/8/real_time,iteration,,52,14546453.824060826,3890551.4230769137,,,,
bd497cd,2026-04-07T11:34:31+01:00,linuxpc,16,4427,True,31.26,0.481934,50000,ByteCask/Recovery/8/real_time,iteration,,52,17952759.30691367,7171996.230769224,,,,
bd497cd,2026-04-07T11:34:31+01:00,linuxpc,16,4427,True,31.26,0.481934,50000,ByteCask/Recovery/8/real_time,iteration,,52,22504925.11554442,11485064.173076803,,,,
bd497cd,2026-04-07T11:34:31+01:00,linuxpc,16,4427,True,31.26,0.481934,50000,ByteCask/Recovery/8/real_time_mean,aggregate,mean,3,18334712.74883964,7515870.608974313,,,,
bd497cd,2026-04-07T11:34:31+01:00,linuxpc,16,4427,True,31.26,0.481934,50000,ByteCask/Recovery/8/real_time_median,aggregate,median,3,17952759.306913674,7171996.230769225,,,,
