git_commit,timestamp,host_name,num_cpus,mhz_per_cpu,cpu_scaling_enabled,memory_gb,load_avg_1m,dataset_size,bench_name,run_type,aggregate_name,iterations,real_time_ns,cpu_time_ns,ops_per_us,scans_per_us,lat_p50_ns,lat_p99_ns
ae3d30d,2026-04-04T15:23:24+01:00,linuxpc,16,4427,True,31.26,0.188477,50000,ByteCask/PutMT/Sync/real_time/threads:2,iteration,,6260,2291926.4191693454,214561.4766773163,872.6283633158051,,4434146.0,10495373.0
ae3d30d,2026-04-04T15:23:24+01:00,linuxpc,16,4427,True,31.26,0.188477,50000,ByteCask/PutMT/Sync/real_time/threads:4,iteration,,5736,2367222.14958147,122408.20414923292,1689.7442433559556,,8945613.0,22238331.0
ae3d30d,2026-04-04T15:23:24+01:00,linuxpc,16,4427,True,31.26,0.188477,50000,ByteCask/PutMT/Sync/real_time/threads:8,iteration,,4936,2649455.503850285,73396.02309562401,3019.4883395377315,,18135612.0,177210166.0
ae3d30d,2026-04-04T15:23:24+01:00,linuxpc,16,4427,True,31.26,0.188477,50000,ByteCask/PutMT/Sync/real_time/threads:16,iteration,,4864,2739711.9089218485,53559.80982730259,5840.030095097275,,37155443.0,157515908.0
ae3d30d,2026-04-04T15:23:24+01:00,linuxpc,16,4427,True,31.26,0.188477,50000,RocksDB/PutMT/Sync/real_time/threads:2,iteration,,5038,2751112.2369985827,255163.54823342597,726.9787008697131,,4320685.0,12110523.0
ae3d30d,2026-04-04T15:23:24+01:00,linuxpc,16,4427,True,31.26,0.188477,50000,RocksDB/PutMT/Sync/real_time/threads:4,iteration,,2784,4494075.503950479,166877.90086206896,890.0607024701374,,11023140.0,95440032.0
ae3d30d,2026-04-04T15:23:24+01:00,linuxpc,16,4427,True,31.26,0.188477,50000,RocksDB/PutMT/Sync/real_time/threads:8,iteration,,3168,4688517.812500129,99330.50252525251,1706.2961728909459,,33018051.0,190865925.0
ae3d30d,2026-04-04T15:23:24+01:00,linuxpc,16,4427,True,31.26,0.188477,50000,RocksDB/PutMT/Sync/real_time/threads:16,iteration,,3408,5084518.322771142,68516.3538732395,3146.807422906434,,70468805.0,380518356.0
ae3d30d,2026-04-04T15:28:02+01:00,linuxpc,16,4427,True,31.26,0.456543,50000,ByteCask/PutMT/Sync/real_time/threads:2,iteration,,6294,2261914.898633861,209542.71480775342,884.2065637429371,,4402476.0,9808256.0
ae3d30d,2026-04-04T15:28:02+01:00,linuxpc,16,4427,True,31.26,0.456543,50000,ByteCask/PutMT/Sync/real_time/threads:4,iteration,,5940,2400074.8324917722,123933.35740740743,1666.6147012787828,,8949003.0,21386862.0
ae3d30d,2026-04-04T15:28:02+01:00,linuxpc,16,4427,True,31.26,0.456543,50000,ByteCask/PutMT/Sync/real_time/threads:8,iteration,,4800,2645729.5595832877,71697.40625000003,3023.740643113966,,17815656.0,173341686.0
ae3d30d,2026-04-04T15:28:02+01:00,linuxpc,16,4427,True,31.26,0.456543,50000,ByteCask/PutMT/Sync/real_time/threads:16,iteration,,5152,2441954.4252710943,46672.773486024904,6552.128833536177,,35480613.0,151360560.0
ae3d30d,2026-04-04T15:28:02+01:00,linuxpc,16,4427,True,31.26,0.456543,50000,RocksDB/PutMT/Sync/real_time/threads:2,iteration,,4980,2712033.6363451537,244303.9696787149,737.4539803626038,,4342436.0,11196592.0
ae3d30d,2026-04-04T15:28:02+01:00,linuxpc,16,4427,True,31.26,0.456543,50000,RocksDB/PutMT/Sync/real_time/threads:4,iteration,,2980,4295009.573824728,157118.84899328856,931.3134071638354,,12662941.0,94757954.0
ae3d30d,2026-04-04T15:28:02+01:00,linuxpc,16,4427,True,31.26,0.456543,50000,RocksDB/PutMT/Sync/real_time/threads:8,iteration,,2944,5085160.443274084,98312.53600543467,1573.2050324156921,,33988072.0,191562588.0
ae3d30d,2026-04-04T15:28:02+01:00,linuxpc,16,4427,True,31.26,0.456543,50000,RocksDB/PutMT/Sync/real_time/threads:16,iteration,,2336,6199629.245292558,69096.0141267122,2580.7994908968085,,70792760.0,383989664.0
03885c7,2026-04-04T15:30:16+01:00,linuxpc,16,4427,True,31.26,0.510254,50000,ByteCask/Put/NoSync/real_time,iteration,,824103,9484.553012183851,7214.4167246084535,105434.59441002655,,6830.0,12160.0
03885c7,2026-04-04T15:30:16+01:00,linuxpc,16,4427,True,31.26,0.510254,50000,ByteCask/Put/Sync/real_time,iteration,,3619,2157391.0613434,343919.04393478855,463.52282528569646,,2106017.0,3782028.0
03885c7,2026-04-04T15:30:16+01:00,linuxpc,16,4427,True,31.26,0.510254,50000,ByteCask/Del/Sync/real_time,iteration,,3442,2159635.3680997593,304006.03515397984,463.04112942912656,,2053366.0,5112765.0
03885c7,2026-04-04T15:30:16+01:00,linuxpc,16,4427,True,31.26,0.510254,50000,ByteCask/Get/real_time,iteration,,7120447,908.0643774189648,903.7048535014724,1101243.5074728383,,870.0,1640.0
03885c7,2026-04-04T15:30:16+01:00,linuxpc,16,4427,True,31.26,0.510254,50000,ByteCask/Range50/real_time,iteration,,181431,37899.512018347195,37745.1620616102,,26385.564001876828,36701.0,46850.0
03885c7,2026-04-04T15:30:16+01:00,linuxpc,16,4427,True,31.26,0.510254,50000,ByteCask/Mixed/Sync/real_time,iteration,,16100,424089.4286335816,57828.92565217362,2357.9932261504496,,1170.0,2358660.0
03885c7,2026-04-04T15:30:16+01:00,linuxpc,16,4427,True,31.26,0.510254,50000,LevelDB/Put/NoSync/real_time,iteration,,467798,22908.3305058991,6977.648363182401,43652.24256488229,,6210.0,1063033.0
03885c7,2026-04-04T15:30:16+01:00,linuxpc,16,4427,True,31.26,0.510254,50000,LevelDB/Put/Sync/real_time,iteration,,3264,2165914.5873157145,316416.5131740187,461.69872341980545,,2086387.0,5056105.0
03885c7,2026-04-04T15:30:16+01:00,linuxpc,16,4427,True,31.26,0.510254,50000,LevelDB/Del/Sync/real_time,iteration,,2603,2472764.5985392113,284352.1870918164,404.4056602034627,,2053606.0,19987484.0
03885c7,2026-04-04T15:30:16+01:00,linuxpc,16,4427,True,31.26,0.510254,50000,LevelDB/Get/real_time,iteration,,7639284,823.1392894937864,818.4347686249137,1214861.2182210125,,780.0,2310.0
03885c7,2026-04-04T15:30:16+01:00,linuxpc,16,4427,True,31.26,0.510254,50000,LevelDB/Range50/real_time,iteration,,748238,7443.548686382846,7391.209596411831,,134344.5233090757,7070.0,15130.0
03885c7,2026-04-04T15:30:16+01:00,linuxpc,16,4427,True,31.26,0.510254,50000,LevelDB/Mixed/Sync/real_time,iteration,,15740,484370.0831003198,62426.50082592128,2064.537086186816,,1170.0,2884227.0
03885c7,2026-04-04T15:30:16+01:00,linuxpc,16,4427,True,31.26,0.510254,50000,RocksDB/Put/NoSync/real_time,iteration,,975783,6611.749180914689,6574.182731201511,151245.90673925975,,5340.0,13750.0
03885c7,2026-04-04T15:30:16+01:00,linuxpc,16,4427,True,31.26,0.510254,50000,RocksDB/Put/Sync/real_time,iteration,,3212,2221861.442714368,365787.0635118325,450.07306971326534,,2156018.0,4456576.0
03885c7,2026-04-04T15:30:16+01:00,linuxpc,16,4427,True,31.26,0.510254,50000,RocksDB/Del/Sync/real_time,iteration,,3155,2125758.539461686,291311.447226624,470.4203141779376,,2010246.0,3981560.0
03885c7,2026-04-04T15:30:16+01:00,linuxpc,16,4427,True,31.26,0.510254,50000,RocksDB/Get/real_time,iteration,,10620181,669.8412687128086,666.4764283207595,1492890.9977756916,,610.0,1100.0
03885c7,2026-04-04T15:30:16+01:00,linuxpc,16,4427,True,31.26,0.510254,50000,RocksDB/Range50/real_time,iteration,,1172639,5819.460988418467,5790.032682692626,,171837.22031819413,5700.0,9070.0
03885c7,2026-04-04T15:30:16+01:00,linuxpc,16,4427,True,31.26,0.510254,50000,RocksDB/Mixed/Sync/real_time,iteration,,12688,442652.3909993035,68562.19025851195,2259.108999145954,,880.0,2378411.0
03885c7,2026-04-04T15:30:16+01:00,linuxpc,16,4427,True,31.26,0.510254,50000,ByteCask/MixedBatch/Sync/real_time,iteration,,2403,3080667.0524345255,1001984.039950064,32460.502319124058,,2883757.0,5985366.0
03885c7,2026-04-04T15:30:16+01:00,linuxpc,16,4427,True,31.26,0.510254,50000,LevelDB/MixedBatch/Sync/real_time,iteration,,1903,3674021.646347406,449852.3526011581,27218.130328496238,,2833126.0,9775794.0
03885c7,2026-04-04T15:30:16+01:00,linuxpc,16,4427,True,31.26,0.510254,50000,RocksDB/MixedBatch/Sync/real_time,iteration,,2337,2912028.1929831356,604208.1955498433,34340.32686941748,,2554793.0,9374029.0
03885c7,2026-04-04T15:30:16+01:00,linuxpc,16,4427,True,31.26,0.510254,50000,ByteCask/GetMT/real_time/threads:2,iteration,,6587012,995.831776531919,991.9074941718625,2008371.3405543198,,1900.0,3440.0
03885c7,2026-04-04T15:30:16+01:00,linuxpc,16,4427,True,31.26,0.510254,50000,ByteCask/GetMT/real_time/threads:4,iteration,,5196140,1164.4165636418927,1159.2577963642225,3435196.7542349123,,4380.0,7290.0
03885c7,2026-04-04T15:30:16+01:00,linuxpc,16,4427,True,31.26,0.510254,50000,ByteCask/GetMT/real_time/threads:8,iteration,,3897904,1765.8666147233478,1743.729848144033,4530353.500823919,,13311.0,21700.0
03885c7,2026-04-04T15:30:16+01:00,linuxpc,16,4427,True,31.26,0.510254,50000,ByteCask/GetMT/real_time/threads:16,iteration,,2742560,2434.6276781554457,2294.8401989382196,6571846.752404511,,35580.0,56140.0
03885c7,2026-04-04T15:30:16+01:00,linuxpc,16,4427,True,31.26,0.510254,50000,ByteCask/GetMT/real_time/threads:32,iteration,,2166848,4028.0025936284674,2311.2051057573044,7944384.159686964,,71782.0,117552.0
03885c7,2026-04-04T15:30:16+01:00,linuxpc,16,4427,True,31.26,0.510254,50000,RocksDB/GetMT/real_time/threads:2,iteration,,9635172,688.8652511859004,685.4262856957811,2903325.4276608457,,1270.0,2120.0
03885c7,2026-04-04T15:30:16+01:00,linuxpc,16,4427,True,31.26,0.510254,50000,RocksDB/GetMT/real_time/threads:4,iteration,,9045316,744.5485847042306,740.624784252978,5372382.7862610025,,2790.0,4850.0
03885c7,2026-04-04T15:30:16+01:00,linuxpc,16,4427,True,31.26,0.510254,50000,RocksDB/GetMT/real_time/threads:8,iteration,,9229720,753.0055503302426,749.0722714231858,10624091.67700221,,5530.0,9960.0
03885c7,2026-04-04T15:30:16+01:00,linuxpc,16,4427,True,31.26,0.510254,50000,RocksDB/GetMT/real_time/threads:16,iteration,,5307744,1143.8796763766397,1097.179886407484,13987485.161622677,,16641.0,28440.0
03885c7,2026-04-04T15:30:16+01:00,linuxpc,16,4427,True,31.26,0.510254,50000,ByteCask/ReadAndWriteLoad/Sync/real_time/threads:2,iteration,,6189118,1054.760407055643,1048.571687759063,1896165.2206712868,,1980.0,3770.0
03885c7,2026-04-04T15:30:16+01:00,linuxpc,16,4427,True,31.26,0.510254,50000,ByteCask/ReadAndWriteLoad/Sync/real_time/threads:4,iteration,,5118608,1185.7509916751794,1175.4803155467296,3373389.5464417594,,4460.0,7950.0
03885c7,2026-04-04T15:30:16+01:00,linuxpc,16,4427,True,31.26,0.510254,50000,ByteCask/ReadAndWriteLoad/Sync/real_time/threads:8,iteration,,4010608,1785.0431029384117,1768.9292431471715,4481684.496486929,,13470.0,22580.0
03885c7,2026-04-04T15:30:16+01:00,linuxpc,16,4427,True,31.26,0.510254,50000,ByteCask/ReadAndWriteLoad/Sync/real_time/threads:16,iteration,,2721776,2488.2506286336065,2310.1382137986407,6430220.419068562,,35780.0,65321.0
03885c7,2026-04-04T15:30:16+01:00,linuxpc,16,4427,True,31.26,0.510254,50000,ByteCask/ReadAndWriteLoad/Sync/StaleRead/real_time/threads:2,iteration,,6380366,1050.0265770014084,1043.120388704976,1904713.6937347415,,1860.0,3560.0
03885c7,2026-04-04T15:30:16+01:00,linuxpc,16,4427,True,31.26,0.510254,50000,ByteCask/ReadAndWriteLoad/Sync/StaleRead/real_time/threads:4,iteration,,5434684,1211.1649324967668,1193.4287467311822,3302605.5268576546,,4430.0,7830.0
03885c7,2026-04-04T15:30:16+01:00,linuxpc,16,4427,True,31.26,0.510254,50000,ByteCask/ReadAndWriteLoad/Sync/StaleRead/real_time/threads:8,iteration,,3957912,1794.3195116524753,1782.1720935179983,4458514.745031344,,13560.0,22771.0
03885c7,2026-04-04T15:30:16+01:00,linuxpc,16,4427,True,31.26,0.510254,50000,ByteCask/ReadAndWriteLoad/Sync/StaleRead/real_time/threads:16,iteration,,3029728,2455.3770259236517,2256.778412781608,6516310.868381282,,35090.0,56992.0
03885c7,2026-04-04T15:30:16+01:00,linuxpc,16,4427,True,31.26,0.510254,50000,RocksDB/ReadAndWriteLoad/Sync/real_time/threads:2,iteration,,10226058,713.8114211753398,709.3178422222888,2801860.464360268,,1330.0,2660.0
03885c7,2026-04-04T15:30:16+01:00,linuxpc,16,4427,True,31.26,0.510254,50000,RocksDB/ReadAndWriteLoad/Sync/real_time/threads:4,iteration,,9201532,816.6989901249542,807.689436063474,4897765.331371359,,3050.0,5960.0
03885c7,2026-04-04T15:30:16+01:00,linuxpc,16,4427,True,31.26,0.510254,50000,RocksDB/ReadAndWriteLoad/Sync/real_time/threads:8,iteration,,8774744,776.620701527629,764.1255128354743,10301038.826629054,,5640.0,10780.0
03885c7,2026-04-04T15:30:16+01:00,linuxpc,16,4427,True,31.26,0.510254,50000,RocksDB/ReadAndWriteLoad/Sync/real_time/threads:16,iteration,,6139824,1204.8852612051796,1122.5456412105634,13279272.73672191,,17130.0,27981.0
03885c7,2026-04-04T15:30:16+01:00,linuxpc,16,4427,True,31.26,0.510254,50000,RocksDB/ReadAndWriteLoad/Sync/NoCache/real_time/threads:2,iteration,,9115662,724.4376781413293,720.2202652972405,2760761.981805457,,1360.0,2620.0
03885c7,2026-04-04T15:30:16+01:00,linuxpc,16,4427,True,31.26,0.510254,50000,RocksDB/ReadAndWriteLoad/Sync/NoCache/real_time/threads:4,iteration,,8977748,761.0681990628282,752.7479428025845,5255770.777080898,,2830.0,5190.0
03885c7,2026-04-04T15:30:16+01:00,linuxpc,16,4427,True,31.26,0.510254,50000,RocksDB/ReadAndWriteLoad/Sync/NoCache/real_time/threads:8,iteration,,8780576,805.3310747497125,797.4542509511898,9933802.694110999,,5940.0,10911.0
03885c7,2026-04-04T15:30:16+01:00,linuxpc,16,4427,True,31.26,0.510254,50000,RocksDB/ReadAndWriteLoad/Sync/NoCache/real_time/threads:16,iteration,,6090240,1172.8969662937866,1086.333834791401,13641436.937600816,,16490.0,27450.0
03885c7,2026-04-04T15:30:16+01:00,linuxpc,16,4427,True,31.26,0.510254,50000,ByteCask/PutMT/Sync/real_time/threads:2,iteration,,3088,2236380.072215254,195501.23218912087,894.302370535297,,4374596.0,9496591.0
03885c7,2026-04-04T15:30:16+01:00,linuxpc,16,4427,True,31.26,0.510254,50000,ByteCask/PutMT/Sync/real_time/threads:4,iteration,,2856,2336183.866946642,114382.12044817285,1712.1940000501509,,8848482.0,20357110.0
03885c7,2026-04-04T15:30:16+01:00,linuxpc,16,4427,True,31.26,0.510254,50000,ByteCask/PutMT/Sync/real_time/threads:8,iteration,,2736,2471187.3399134316,68458.8205409343,3237.3102074407066,,17476900.0,44113500.0
03885c7,2026-04-04T15:30:16+01:00,linuxpc,16,4427,True,31.26,0.510254,50000,ByteCask/PutMT/Sync/real_time/threads:16,iteration,,2208,2763945.7884966442,48476.30525362241,5788.825550266188,,35772745.0,169505062.0
03885c7,2026-04-04T15:30:16+01:00,linuxpc,16,4427,True,31.26,0.510254,50000,RocksDB/PutMT/Sync/real_time/threads:2,iteration,,2472,2780307.6233830173,262981.10517798597,719.3448606835972,,4376726.0,12112404.0
03885c7,2026-04-04T15:30:16+01:00,linuxpc,16,4427,True,31.26,0.510254,50000,RocksDB/PutMT/Sync/real_time/threads:4,iteration,,1988,5473376.945170911,166433.32947686163,730.810254815201,,13870416.0,98734364.0
03885c7,2026-04-04T15:30:16+01:00,linuxpc,16,4427,True,31.26,0.510254,50000,RocksDB/PutMT/Sync/real_time/threads:8,iteration,,1552,4430035.271902806,93264.89690721197,1805.8546961780305,,28436290.0,190638863.0
03885c7,2026-04-04T15:30:16+01:00,linuxpc,16,4427,True,31.26,0.510254,50000,RocksDB/PutMT/Sync/real_time/threads:16,iteration,,1808,3622664.6360616935,66183.17533185905,4416.6384712315175,,40849470.0,212642311.0
03885c7,2026-04-04T15:53:55+01:00,linuxpc,16,4427,True,31.26,0.461426,50000,ByteCask/Put/NoSync/real_time,iteration,,822075,9639.181445729462,7399.799121734635,103743.24890865495,,6770.0,12590.0
03885c7,2026-04-04T15:53:55+01:00,linuxpc,16,4427,True,31.26,0.461426,50000,ByteCask/Put/Sync/real_time,iteration,,3529,2130629.960895983,320291.13488240313,469.34475641160844,,2082267.0,4318064.0
03885c7,2026-04-04T15:53:55+01:00,linuxpc,16,4427,True,31.26,0.461426,50000,ByteCask/Del/Sync/real_time,iteration,,3462,2050181.9274985276,224352.7088388214,487.76159158720225,,1958754.0,4926362.0
03885c7,2026-04-04T15:53:55+01:00,linuxpc,16,4427,True,31.26,0.461426,50000,ByteCask/Get/real_time,iteration,,7706715,850.7725852068644,846.7293405815577,1175402.237199323,,750.0,1380.0
03885c7,2026-04-04T15:53:55+01:00,linuxpc,16,4427,True,31.26,0.461426,50000,ByteCask/Range50/real_time,iteration,,180826,38375.28826606207,38138.450355590445,,26058.436175562736,36761.0,49800.0
03885c7,2026-04-04T15:53:55+01:00,linuxpc,16,4427,True,31.26,0.461426,50000,ByteCask/Mixed/Sync/real_time,iteration,,16510,417059.98794668494,52781.0828588733,2397.73660600555,,1130.0,2327289.0
03885c7,2026-04-04T15:53:55+01:00,linuxpc,16,4427,True,31.26,0.461426,50000,LevelDB/Put/NoSync/real_time,iteration,,483128,21611.74211389557,6967.007051961388,46271.14254509988,,6190.0,1062273.0
03885c7,2026-04-04T15:53:55+01:00,linuxpc,16,4427,True,31.26,0.461426,50000,LevelDB/Put/Sync/real_time,iteration,,3277,2182613.390906294,335353.90234970895,458.1663450643298,,2110246.0,4190523.0
03885c7,2026-04-04T15:53:55+01:00,linuxpc,16,4427,True,31.26,0.461426,50000,LevelDB/Del/Sync/real_time,iteration,,2806,2331757.0819677985,260130.8317890231,428.86113983884104,,2027916.0,8067192.0
03885c7,2026-04-04T15:53:55+01:00,linuxpc,16,4427,True,31.26,0.461426,50000,LevelDB/Get/real_time,iteration,,8039082,818.6962240214758,813.2344828675718,1221454.271631975,,790.0,2340.0
03885c7,2026-04-04T15:53:55+01:00,linuxpc,16,4427,True,31.26,0.461426,50000,LevelDB/Range50/real_time,iteration,,805227,7445.247523987305,7397.73007487329,,134313.86891814842,7180.0,14671.0
03885c7,2026-04-04T15:53:55+01:00,linuxpc,16,4427,True,31.26,0.461426,50000,LevelDB/Mixed/Sync/real_time,iteration,,14299,478181.17092110834,63537.63396041646,2091.2575835508646,,1200.0,3472763.0
03885c7,2026-04-04T15:53:55+01:00,linuxpc,16,4427,True,31.26,0.461426,50000,RocksDB/Put/NoSync/real_time,iteration,,988719,6587.973461619298,6451.513585760972,151791.74685901115,,5291.0,13170.0
03885c7,2026-04-04T15:53:55+01:00,linuxpc,16,4427,True,31.26,0.461426,50000,RocksDB/Put/Sync/real_time,iteration,,3280,2285732.2189027886,382335.5545731666,437.49656750256867,,2199338.0,4629288.0
03885c7,2026-04-04T15:53:55+01:00,linuxpc,16,4427,True,31.26,0.461426,50000,RocksDB/Del/Sync/real_time,iteration,,3158,2109348.8293220047,288957.6497783391,474.0799559082051,,2003945.0,4873432.0
03885c7,2026-04-04T15:53:55+01:00,linuxpc,16,4427,True,31.26,0.461426,50000,RocksDB/Get/real_time,iteration,,10250085,737.6261590027202,731.6929589364381,1355700.293156648,,700.0,1330.0
03885c7,2026-04-04T15:53:55+01:00,linuxpc,16,4427,True,31.26,0.461426,50000,RocksDB/Range50/real_time,iteration,,1245571,5651.819263615516,5625.607966948489,,176934.17877632054,5481.0,8690.0
03885c7,2026-04-04T15:53:55+01:00,linuxpc,16,4427,True,31.26,0.461426,50000,RocksDB/Mixed/Sync/real_time,iteration,,12726,446911.207056281,67986.81274556016,2237.5809427264303,,820.0,2385490.0
03885c7,2026-04-04T15:53:55+01:00,linuxpc,16,4427,True,31.26,0.461426,50000,ByteCask/MixedBatch/Sync/real_time,iteration,,2376,2983843.1148993964,1015705.7500000008,33513.82634719105,,2848386.0,5820824.0
03885c7,2026-04-04T15:53:55+01:00,linuxpc,16,4427,True,31.26,0.461426,50000,LevelDB/MixedBatch/Sync/real_time,iteration,,1859,3650577.671867154,466005.62399139605,27392.92489806228,,2838777.0,9383349.0
03885c7,2026-04-04T15:53:55+01:00,linuxpc,16,4427,True,31.26,0.461426,50000,RocksDB/MixedBatch/Sync/real_time,iteration,,2328,2963018.7079038257,574778.9828178646,33749.36504222903,,2568623.0,9858325.0
03885c7,2026-04-04T15:53:55+01:00,linuxpc,16,4427,True,31.26,0.461426,50000,ByteCask/GetMT/real_time/threads:2,iteration,,6880414,964.3512692695745,960.3488465955676,2073933.081992886,,1710.0,3320.0
03885c7,2026-04-04T15:53:55+01:00,linuxpc,16,4427,True,31.26,0.461426,50000,ByteCask/GetMT/real_time/threads:4,iteration,,6333944,1092.2938941361763,1087.12137761243,3662018.0900702905,,4070.0,7281.0
03885c7,2026-04-04T15:53:55+01:00,linuxpc,16,4427,True,31.26,0.461426,50000,ByteCask/GetMT/real_time/threads:8,iteration,,4121680,1664.1512803016763,1645.9349580753467,4807255.26260435,,12490.0,20850.0
03885c7,2026-04-04T15:53:55+01:00,linuxpc,16,4427,True,31.26,0.461426,50000,ByteCask/GetMT/real_time/threads:16,iteration,,3086736,2175.539957416999,2165.269953439498,7354496.039225439,,33430.0,48171.0
03885c7,2026-04-04T15:53:55+01:00,linuxpc,16,4427,True,31.26,0.461426,50000,ByteCask/GetMT/real_time/threads:32,iteration,,2473184,3681.5412989913634,2167.185471845201,8692011.687813222,,66921.0,109161.0
03885c7,2026-04-04T15:53:55+01:00,linuxpc,16,4427,True,31.26,0.461426,50000,RocksDB/GetMT/real_time/threads:2,iteration,,10222688,691.3166017586449,686.1799725277742,2893030.479684976,,1270.0,2140.0
03885c7,2026-04-04T15:53:55+01:00,linuxpc,16,4427,True,31.26,0.461426,50000,RocksDB/GetMT/real_time/threads:4,iteration,,9075652,755.8276062150969,749.2859270055751,5292212.095864704,,2850.0,5180.0
03885c7,2026-04-04T15:53:55+01:00,linuxpc,16,4427,True,31.26,0.461426,50000,RocksDB/GetMT/real_time/threads:8,iteration,,7866760,798.0183536806052,790.7066815308983,10024832.089515926,,5780.0,11500.0
03885c7,2026-04-04T15:53:55+01:00,linuxpc,16,4427,True,31.26,0.461426,50000,RocksDB/GetMT/real_time/threads:16,iteration,,6063056,1153.0604205223624,1092.5609450085865,13876115.869757839,,16610.0,27800.0
03885c7,2026-04-04T15:53:55+01:00,linuxpc,16,4427,True,31.26,0.461426,50000,ByteCask/ReadAndWriteLoad/Sync/real_time/threads:2,iteration,,6610700,986.789306881379,980.5573597349754,2026775.1039183263,,1780.0,3621.0
03885c7,2026-04-04T15:53:55+01:00,linuxpc,16,4427,True,31.26,0.461426,50000,ByteCask/ReadAndWriteLoad/Sync/real_time/threads:4,iteration,,6165748,1130.1326796037783,1122.5574817524146,3539407.4272787063,,4250.0,7870.0
03885c7,2026-04-04T15:53:55+01:00,linuxpc,16,4427,True,31.26,0.461426,50000,ByteCask/ReadAndWriteLoad/Sync/real_time/threads:8,iteration,,4279128,1691.1402388519102,1680.1897821238317,4730536.129535348,,12672.0,22040.0
03885c7,2026-04-04T15:53:55+01:00,linuxpc,16,4427,True,31.26,0.461426,50000,ByteCask/ReadAndWriteLoad/Sync/real_time/threads:16,iteration,,2761840,2429.761300074632,2263.77465602642,6585008.988129225,,34961.0,57540.0
03885c7,2026-04-04T15:53:55+01:00,linuxpc,16,4427,True,31.26,0.461426,50000,ByteCask/ReadAndWriteLoad/Sync/StaleRead/real_time/threads:2,iteration,,6845236,1006.0362006515475,1000.5409648403653,1988000.032906096,,1890.0,3520.0
03885c7,2026-04-04T15:53:55+01:00,linuxpc,16,4427,True,31.26,0.461426,50000,ByteCask/ReadAndWriteLoad/Sync/StaleRead/real_time/threads:4,iteration,,6039428,1100.087136729033,1093.3697232585641,3636075.6038776007,,4140.0,7280.0
03885c7,2026-04-04T15:53:55+01:00,linuxpc,16,4427,True,31.26,0.461426,50000,ByteCask/ReadAndWriteLoad/Sync/StaleRead/real_time/threads:8,iteration,,4312960,1674.5103168128524,1664.1737222232537,4777516.101081209,,12571.0,21900.0
03885c7,2026-04-04T15:53:55+01:00,linuxpc,16,4427,True,31.26,0.461426,50000,ByteCask/ReadAndWriteLoad/Sync/StaleRead/real_time/threads:16,iteration,,2885872,2301.483005135822,2145.676058051082,6952039.169655202,,33110.0,61050.0
03885c7,2026-04-04T15:53:55+01:00,linuxpc,16,4427,True,31.26,0.461426,50000,RocksDB/ReadAndWriteLoad/Sync/real_time/threads:2,iteration,,10076590,693.2640578806596,686.8374520547148,2884903.63414208,,1250.0,2320.0
03885c7,2026-04-04T15:53:55+01:00,linuxpc,16,4427,True,31.26,0.461426,50000,RocksDB/ReadAndWriteLoad/Sync/real_time/threads:4,iteration,,8871416,746.6281560912726,741.6586220283209,5357419.174948734,,2790.0,5210.0
03885c7,2026-04-04T15:53:55+01:00,linuxpc,16,4427,True,31.26,0.461426,50000,RocksDB/ReadAndWriteLoad/Sync/real_time/threads:8,iteration,,9108408,787.3244988587034,765.893399263624,10160994.62368656,,5640.0,10540.0
03885c7,2026-04-04T15:53:55+01:00,linuxpc,16,4427,True,31.26,0.461426,50000,RocksDB/ReadAndWriteLoad/Sync/real_time/threads:16,iteration,,5271888,1137.0259360596435,1088.1867936117,14071798.621804444,,16411.0,30451.0
03885c7,2026-04-04T15:53:55+01:00,linuxpc,16,4427,True,31.26,0.461426,50000,RocksDB/ReadAndWriteLoad/Sync/NoCache/real_time/threads:2,iteration,,9828418,690.882390329661,686.2706294136044,2894848.71519982,,1260.0,2430.0
03885c7,2026-04-04T15:53:55+01:00,linuxpc,16,4427,True,31.26,0.461426,50000,RocksDB/ReadAndWriteLoad/Sync/NoCache/real_time/threads:4,iteration,,9128316,768.0454065131395,761.9329571850913,5208025.418913262,,2910.0,5290.0
03885c7,2026-04-04T15:53:55+01:00,linuxpc,16,4427,True,31.26,0.461426,50000,RocksDB/ReadAndWriteLoad/Sync/NoCache/real_time/threads:8,iteration,,9276808,767.2271248905981,753.9169588289407,10427160.01619566,,5560.0,10300.0
03885c7,2026-04-04T15:53:55+01:00,linuxpc,16,4427,True,31.26,0.461426,50000,RocksDB/ReadAndWriteLoad/Sync/NoCache/real_time/threads:16,iteration,,5914608,1109.1799284081308,1016.1834184108217,14425071.704067733,,15380.0,26641.0
03885c7,2026-04-04T15:53:55+01:00,linuxpc,16,4427,True,31.26,0.461426,50000,ByteCask/PutMT/Sync/real_time/threads:2,iteration,,3106,2281370.0540890237,207139.15840308907,876.6661929375689,,4404546.0,8038332.0
03885c7,2026-04-04T15:53:55+01:00,linuxpc,16,4427,True,31.26,0.461426,50000,ByteCask/PutMT/Sync/real_time/threads:4,iteration,,2900,2630378.8058618824,117465.75793103424,1520.6935180156838,,9677235.0,21979369.0
03885c7,2026-04-04T15:53:55+01:00,linuxpc,16,4427,True,31.26,0.461426,50000,ByteCask/PutMT/Sync/real_time/threads:8,iteration,,2464,3020320.1688333466,68309.1777597442,2648.725814750343,,20659604.0,175142983.0
03885c7,2026-04-04T15:53:55+01:00,linuxpc,16,4427,True,31.26,0.461426,50000,ByteCask/PutMT/Sync/real_time/threads:16,iteration,,2208,3068891.532611024,52791.997735506986,5213.608832367934,,37703453.0,156690380.0
03885c7,2026-04-04T15:53:55+01:00,linuxpc,16,4427,True,31.26,0.461426,50000,RocksDB/PutMT/Sync/real_time/threads:2,iteration,,2576,2761069.9095495637,248093.02329192666,724.3568853808111,,4352956.0,12096344.0
03885c7,2026-04-04T15:53:55+01:00,linuxpc,16,4427,True,31.26,0.461426,50000,RocksDB/PutMT/Sync/real_time/threads:4,iteration,,2068,4458466.3060938325,169610.11798839222,897.1695030043851,,11768450.0,95240415.0
03885c7,2026-04-04T15:53:55+01:00,linuxpc,16,4427,True,31.26,0.461426,50000,RocksDB/PutMT/Sync/real_time/threads:8,iteration,,1768,4782254.458143752,104861.42024886142,1672.8511772050763,,34292627.0,188619504.0
03885c7,2026-04-04T15:53:55+01:00,linuxpc,16,4427,True,31.26,0.461426,50000,RocksDB/PutMT/Sync/real_time/threads:16,iteration,,1632,4950407.156249693,69026.222426466,3232.05738336101,,69382645.0,378515833.0
4ff24db,2026-04-04T16:04:53+01:00,linuxpc,16,4427,True,31.26,0.265625,1000000,ByteCask/GetMT/real_time/threads:2,iteration,,12860620,945.4543965998696,938.3267643395104,2115384.948435995,,1840.0,3130.0
4ff24db,2026-04-04T16:04:53+01:00,linuxpc,16,4427,True,31.26,0.265625,1000000,ByteCask/GetMT/real_time/threads:4,iteration,,12013340,1030.9359153240277,1026.161848245368,3879969.5893248436,,3960.0,6630.0
4ff24db,2026-04-04T16:04:53+01:00,linuxpc,16,4427,True,31.26,0.265625,1000000,ByteCask/GetMT/real_time/threads:8,iteration,,9025368,1404.5013480890073,1393.526802563616,5695971.748895051,,10400.0,17430.0
4ff24db,2026-04-04T16:04:53+01:00,linuxpc,16,4427,True,31.26,0.265625,1000000,ByteCask/GetMT/real_time/threads:16,iteration,,7311232,2136.3582103537065,2035.1419001612837,7489380.72391472,,30911.0,49960.0
4ff24db,2026-04-04T16:04:53+01:00,linuxpc,16,4427,True,31.26,0.265625,1000000,ByteCask/GetMT/real_time/threads:32,iteration,,4298496,3545.035253496401,2017.5497929973744,9026708.540751183,,60091.0,99620.0
4ff24db,2026-04-04T16:04:53+01:00,linuxpc,16,4427,True,31.26,0.265625,1000000,RocksDB/GetMT/real_time/threads:2,iteration,,6329812,2130.3827017287717,2118.51449110969,938798.460190759,,3090.0,11300.0
4ff24db,2026-04-04T16:04:53+01:00,linuxpc,16,4427,True,31.26,0.265625,1000000,RocksDB/GetMT/real_time/threads:4,iteration,,4019776,2583.394134151313,2558.7426406347026,1548350.655102058,,7520.0,28322.0
4ff24db,2026-04-04T16:04:53+01:00,linuxpc,16,4427,True,31.26,0.265625,1000000,RocksDB/GetMT/real_time/threads:8,iteration,,4307816,2781.045045795325,2749.575298480713,2876616.476275793,,16050.0,65080.0
4ff24db,2026-04-04T16:04:53+01:00,linuxpc,16,4427,True,31.26,0.265625,1000000,RocksDB/GetMT/real_time/threads:16,iteration,,3397296,4123.476883380859,3812.9477452067786,3880220.612970072,,50250.0,165760.0
4ff24db,2026-04-04T16:23:33+01:00,linuxpc,16,4427,True,31.26,0.800293,50000,ByteCask/Get/Sync/real_time,iteration,,16248291,865.9086594399031,861.7109539089371,1154856.2184917189,,760.0,1490.0
4ff24db,2026-04-04T16:36:20+01:00,linuxpc,16,4427,True,31.26,3.20068,1000000,ByteCask/GetMT/real_time/threads:2,iteration,,13740758,932.8557650892606,928.5238555252921,2143954.1618833533,,1690.0,3030.0
4ff24db,2026-04-04T16:36:20+01:00,linuxpc,16,4427,True,31.26,3.20068,1000000,ByteCask/GetMT/real_time/threads:4,iteration,,12918172,1015.9600230588711,1011.315411499398,3937162.791068025,,4010.0,6790.0
4ff24db,2026-04-04T16:36:20+01:00,linuxpc,16,4427,True,31.26,3.20068,1000000,ByteCask/GetMT/real_time/threads:8,iteration,,9890776,1346.4842539139443,1341.0731534108145,5941398.851672937,,10200.0,16730.0
4ff24db,2026-04-04T16:36:20+01:00,linuxpc,16,4427,True,31.26,3.20068,1000000,ByteCask/GetMT/real_time/threads:16,iteration,,7265328,1816.522978179189,1764.8854986313077,8808036.117460934,,26870.0,43500.0
4ff24db,2026-04-04T16:36:20+01:00,linuxpc,16,4427,True,31.26,3.20068,1000000,ByteCask/GetMT/real_time/threads:32,iteration,,4758272,3229.304064372451,1822.9516772055065,9909255.790757673,,55761.0,97322.0
76c317b,2026-04-04T16:37:43+01:00,linuxpc,16,4427,True,31.26,13.6016,1000000,ByteCask/GetMT/real_time/threads:2,iteration,,13849418,938.0464972607263,931.6509773190469,2132090.4729567026,,1681.0,3200.0
76c317b,2026-04-04T16:37:43+01:00,linuxpc,16,4427,True,31.26,13.6016,1000000,ByteCask/GetMT/real_time/threads:4,iteration,,13071024,1010.0287328674775,1005.0795425056215,3960283.375943154,,3970.0,6670.0
76c317b,2026-04-04T16:37:43+01:00,linuxpc,16,4427,True,31.26,13.6016,1000000,ByteCask/GetMT/real_time/threads:8,iteration,,10674968,1342.5548021317115,1336.2879319169856,5958788.413923648,,10180.0,17100.0
76c317b,2026-04-04T16:37:43+01:00,linuxpc,16,4427,True,31.26,13.6016,1000000,ByteCask/GetMT/real_time/threads:16,iteration,,7160992,1930.1535304049814,1843.1434257991075,8289496.015709646,,28260.0,47652.0
76c317b,2026-04-04T16:37:43+01:00,linuxpc,16,4427,True,31.26,13.6016,1000000,ByteCask/GetMT/real_time/threads:32,iteration,,4493248,3406.33367043086,1805.3503292050648,9394264.654041478,,54800.0,100480.0
76c317b,2026-04-04T16:37:43+01:00,linuxpc,16,4427,True,31.26,13.6016,1000000,RocksDB/GetMT/real_time/threads:2,iteration,,6627552,2104.58627348415,2093.0827444281085,950305.5423282759,,2840.0,10441.0
76c317b,2026-04-04T16:37:43+01:00,linuxpc,16,4427,True,31.26,13.6016,1000000,RocksDB/GetMT/real_time/threads:4,iteration,,6137896,2217.550730740097,2200.9962392650514,1803791.8792798119,,5930.0,22130.0
76c317b,2026-04-04T16:37:43+01:00,linuxpc,16,4427,True,31.26,13.6016,1000000,RocksDB/GetMT/real_time/threads:8,iteration,,5512400,2409.9120060220935,2387.822547892025,3319623.28085379,,13500.0,52791.0
76c317b,2026-04-04T16:37:43+01:00,linuxpc,16,4427,True,31.26,13.6016,1000000,RocksDB/GetMT/real_time/threads:16,iteration,,3906992,3671.6647361972155,3473.898255742525,4357696.344729824,,41482.0,151904.0
76c317b,2026-04-04T16:39:11+01:00,linuxpc,16,4427,True,31.26,8.5293,10000000,ByteCask/GetMT/real_time/threads:2,iteration,,13505124,925.4520095485383,920.8180662391549,2161106.1182693383,,1710.0,2740.0
76c317b,2026-04-04T16:39:11+01:00,linuxpc,16,4427,True,31.26,8.5293,10000000,ByteCask/GetMT/real_time/threads:4,iteration,,12971304,1005.9126996790859,1000.8268893397296,3976488.2193813752,,4060.0,6450.0
76c317b,2026-04-04T16:39:11+01:00,linuxpc,16,4427,True,31.26,8.5293,10000000,ByteCask/GetMT/real_time/threads:8,iteration,,10360200,1379.1788966433103,1371.109364297987,5800552.7922959495,,10530.0,16750.0
76c317b,2026-04-04T16:39:11+01:00,linuxpc,16,4427,True,31.26,8.5293,10000000,ByteCask/GetMT/real_time/threads:16,iteration,,7287968,1953.5532870079305,1856.436291432674,8190204.027915542,,28552.0,46810.0
76c317b,2026-04-04T16:39:11+01:00,linuxpc,16,4427,True,31.26,8.5293,10000000,ByteCask/GetMT/real_time/threads:32,iteration,,3200000,3247.554204064045,1845.3309240625006,9853569.17521335,,56631.0,94480.0
76c317b,2026-04-04T16:39:11+01:00,linuxpc,16,4427,True,31.26,8.5293,10000000,RocksDB/GetMT/real_time/threads:2,iteration,,2911962,10999.584654263886,4388.362780489581,181825.0472961921,,3630.0,139492.0
76c317b,2026-04-04T16:39:11+01:00,linuxpc,16,4427,True,31.26,8.5293,10000000,RocksDB/GetMT/real_time/threads:4,iteration,,4000000,7179.84482599968,3483.964424499995,557115.1044260992,,7280.0,278703.0
76c317b,2026-04-04T16:39:11+01:00,linuxpc,16,4427,True,31.26,8.5293,10000000,RocksDB/GetMT/real_time/threads:8,iteration,,3598152,3733.2009828928735,3019.525634547957,2142933.1120021204,,15181.0,111842.0
76c317b,2026-04-04T16:39:11+01:00,linuxpc,16,4427,True,31.26,8.5293,10000000,RocksDB/GetMT/real_time/threads:16,iteration,,3342768,3868.8969503698377,3604.8439018202894,4135545.662044713,,45700.0,155793.0
76c317b,2026-04-04T19:25:07+01:00,linuxpc,16,4427,True,31.26,7.60498,50000,ByteCask/PutMT/Sync/real_time/threads:2,iteration,,3282,4115251.8948799986,327180.73522242537,485.9969817372067,,8210374.0,15293906.0
76c317b,2026-04-04T19:25:07+01:00,linuxpc,16,4427,True,31.26,7.60498,50000,ByteCask/PutMT/Sync/real_time/threads:4,iteration,,3016,4962701.207889031,215767.87301061003,806.0126597267919,,17073139.0,94811587.0
76c317b,2026-04-04T19:25:07+01:00,linuxpc,16,4427,True,31.26,7.60498,50000,ByteCask/PutMT/Sync/real_time/threads:8,iteration,,2520,6125192.965870185,124257.14404761902,1306.081301369004,,35127458.0,192202196.0
76c317b,2026-04-04T19:25:07+01:00,linuxpc,16,4427,True,31.26,7.60498,50000,ByteCask/PutMT/Sync/real_time/threads:16,iteration,,1680,11124895.38927981,86922.21428571438,1438.2157710370873,,73406517.0,398373088.0
76c317b,2026-04-04T19:25:07+01:00,linuxpc,16,4427,True,31.26,7.60498,50000,RocksDB/PutMT/Sync/real_time/threads:2,iteration,,5146,2828379.6303924345,277216.53167508746,707.1186549743685,,4398386.0,12552810.0
76c317b,2026-04-04T19:25:07+01:00,linuxpc,16,4427,True,31.26,7.60498,50000,RocksDB/PutMT/Sync/real_time/threads:4,iteration,,2804,4207166.766046663,178215.65121255346,950.7586036953486,,10754397.0,95356374.0
76c317b,2026-04-04T19:25:07+01:00,linuxpc,16,4427,True,31.26,7.60498,50000,RocksDB/PutMT/Sync/real_time/threads:8,iteration,,3408,4395574.76525772,91025.87118544611,1820.0122685277422,,23192455.0,189754445.0
76c317b,2026-04-04T19:25:07+01:00,linuxpc,16,4427,True,31.26,7.60498,50000,RocksDB/PutMT/Sync/real_time/threads:16,iteration,,2976,4893689.760414203,77573.45362903221,3269.5166190195428,,72112869.0,380396527.0
76c317b,2026-04-04T19:26:03+01:00,linuxpc,16,4427,True,31.26,4.47266,50000,ByteCask/PutMT/Sync/real_time/threads:2,iteration,,3326,4112163.263079448,318966.4236319903,486.3620124124822,,8195665.0,14740567.0
76c317b,2026-04-04T19:26:03+01:00,linuxpc,16,4427,True,31.26,4.47266,50000,ByteCask/PutMT/Sync/real_time/threads:4,iteration,,2380,5488501.547474048,217236.39117647058,728.7963691730951,,17521913.0,96256124.0
76c317b,2026-04-04T19:26:03+01:00,linuxpc,16,4427,True,31.26,4.47266,50000,ByteCask/PutMT/Sync/real_time/threads:8,iteration,,2648,6300599.639354936,130149.37197885197,1269.720416772752,,36163949.0,195396457.0
76c317b,2026-04-04T19:26:03+01:00,linuxpc,16,4427,True,31.26,4.47266,50000,ByteCask/PutMT/Sync/real_time/threads:16,iteration,,2544,5288325.124607044,86448.94968553456,3025.532587917219,,75268545.0,345858377.0
76c317b,2026-04-04T19:26:03+01:00,linuxpc,16,4427,True,31.26,4.47266,50000,RocksDB/PutMT/Sync/real_time/threads:2,iteration,,4932,2851632.531020752,275454.3661800486,701.3526386178842,,4496516.0,11896501.0
76c317b,2026-04-04T19:26:03+01:00,linuxpc,16,4427,True,31.26,4.47266,50000,RocksDB/PutMT/Sync/real_time/threads:4,iteration,,2436,4384489.981113626,176926.42528735645,912.3067944573183,,10212160.0,95914871.0
76c317b,2026-04-04T19:26:03+01:00,linuxpc,16,4427,True,31.26,4.47266,50000,RocksDB/PutMT/Sync/real_time/threads:8,iteration,,3816,5509546.52358344,115645.94627882609,1452.025128702744,,36571194.0,192870397.0
76c317b,2026-04-04T19:26:03+01:00,linuxpc,16,4427,True,31.26,4.47266,50000,RocksDB/PutMT/Sync/real_time/threads:16,iteration,,2656,4483012.308733725,73513.81777108443,3569.0287909379776,,73147573.0,229442439.0
76c317b,2026-04-04T19:28:54+01:00,linuxpc,16,4427,True,31.26,0.309082,50000,ByteCask/PutMT/Sync/real_time/threads:2,iteration,,6396,4187223.2110692174,356344.31629143213,477.64351198494984,,8240586.0,14923290.0
76c317b,2026-04-04T19:28:54+01:00,linuxpc,16,4427,True,31.26,0.309082,50000,ByteCask/PutMT/Sync/real_time/threads:4,iteration,,4496,4766395.589858706,200053.26467971533,839.2085643312236,,16799244.0,94862538.0
76c317b,2026-04-04T19:28:54+01:00,linuxpc,16,4427,True,31.26,0.309082,50000,ByteCask/PutMT/Sync/real_time/threads:8,iteration,,5688,5011474.571729042,115919.45165260199,1596.336544363602,,34543019.0,191586859.0
76c317b,2026-04-04T19:28:54+01:00,linuxpc,16,4427,True,31.26,0.309082,50000,ByteCask/PutMT/Sync/real_time/threads:16,iteration,,5760,6863882.651212962,86604.12934027775,2331.0421831253966,,71949145.0,391358421.0
76c317b,2026-04-04T19:28:54+01:00,linuxpc,16,4427,True,31.26,0.309082,50000,RocksDB/PutMT/Sync/real_time/threads:2,iteration,,10120,2831383.0127473576,274169.7553359684,706.368580653224,,4469668.0,11735430.0
76c317b,2026-04-04T19:28:54+01:00,linuxpc,16,4427,True,31.26,0.309082,50000,RocksDB/PutMT/Sync/real_time/threads:4,iteration,,6736,3770806.7290683636,158516.41701306409,1060.7809647640738,,9379720.0,93858656.0
76c317b,2026-04-04T19:28:54+01:00,linuxpc,16,4427,True,31.26,0.309082,50000,RocksDB/PutMT/Sync/real_time/threads:8,iteration,,7088,4365912.306010846,101051.4101297969,1832.377619904518,,23989764.0,190619096.0
76c317b,2026-04-04T19:28:54+01:00,linuxpc,16,4427,True,31.26,0.309082,50000,RocksDB/PutMT/Sync/real_time/threads:16,iteration,,6208,4271024.3131439,71125.06926546393,3746.1739449154306,,66880831.0,373081142.0
76c317b,2026-04-04T19:33:07+01:00,linuxpc,16,4427,True,31.26,0.0507812,50000,ByteCask/Put/NoSync/real_time,iteration,,3042267,9119.527277520256,6799.182912610893,109654.80661097556,,5910.0,11990.0
76c317b,2026-04-04T19:33:07+01:00,linuxpc,16,4427,True,31.26,0.0507812,50000,ByteCask/Put/Sync/real_time,iteration,,13585,2179570.5283771674,327696.9015090173,458.80598355519396,,2107637.0,4093112.0
76c317b,2026-04-04T19:33:07+01:00,linuxpc,16,4427,True,31.26,0.0507812,50000,LevelDB/Put/NoSync/real_time,iteration,,1000000,23744.835282996064,6956.543312000001,42114.421434462885,,6260.0,1062963.0
76c317b,2026-04-04T19:33:07+01:00,linuxpc,16,4427,True,31.26,0.0507812,50000,LevelDB/Put/Sync/real_time,iteration,,11421,2152681.220383573,314163.43840294203,464.5369646611291,,2087237.0,5015564.0
76c317b,2026-04-04T19:33:07+01:00,linuxpc,16,4427,True,31.26,0.0507812,50000,RocksDB/Put/NoSync/real_time,iteration,,4402415,6326.2920651499635,6294.774151460051,158070.4763077193,,5140.0,12710.0
76c317b,2026-04-04T19:33:07+01:00,linuxpc,16,4427,True,31.26,0.0507812,50000,RocksDB/Put/Sync/real_time,iteration,,12737,2324190.2048361115,381654.3785035729,430.2573850966359,,2193178.0,5064344.0
76c317b,2026-04-04T19:33:07+01:00,linuxpc,16,4427,True,31.26,0.0507812,50000,ByteCask/PutMT/Sync/real_time/threads:2,iteration,,6520,4371223.340337336,376498.2940184066,457.53782048703465,,8415278.0,15812721.0
76c317b,2026-04-04T19:33:07+01:00,linuxpc,16,4427,True,31.26,0.0507812,50000,ByteCask/PutMT/Sync/real_time/threads:4,iteration,,4260,5263682.553990968,216769.12582159563,759.924246755186,,17640644.0,94990019.0
76c317b,2026-04-04T19:33:07+01:00,linuxpc,16,4427,True,31.26,0.0507812,50000,ByteCask/PutMT/Sync/real_time/threads:8,iteration,,5312,6974836.134226423,124476.97270331357,1146.9803513724096,,42701534.0,202397408.0
76c317b,2026-04-04T19:33:07+01:00,linuxpc,16,4427,True,31.26,0.0507812,50000,ByteCask/PutMT/Sync/real_time/threads:16,iteration,,4736,6010497.265833692,88904.33298142054,2662.0093633435345,,91139240.0,211523568.0
76c317b,2026-04-04T19:33:07+01:00,linuxpc,16,4427,True,31.26,0.0507812,50000,RocksDB/PutMT/Sync/real_time/threads:2,iteration,,9106,2958069.490336552,307471.17493959935,676.1166384135389,,4568648.0,12614510.0
76c317b,2026-04-04T19:33:07+01:00,linuxpc,16,4427,True,31.26,0.0507812,50000,RocksDB/PutMT/Sync/real_time/threads:4,iteration,,6924,3896738.7593868277,187445.2580878119,1026.499400393323,,12773363.0,88310565.0
76c317b,2026-04-04T19:33:07+01:00,linuxpc,16,4427,True,31.26,0.0507812,50000,RocksDB/PutMT/Sync/real_time/threads:8,iteration,,7840,4109640.790052161,111330.67882653061,1946.6421540697384,,29474285.0,182846159.0
76c317b,2026-04-04T19:33:07+01:00,linuxpc,16,4427,True,31.26,0.0507812,50000,RocksDB/PutMT/Sync/real_time/threads:16,iteration,,6976,4627015.481509086,80895.8739965608,3457.952553636508,,75678755.0,259083939.0
09222ef,2026-04-04T20:25:08+01:00,linuxpc,16,4427,True,31.26,0,50000,ByteCask/Recovery/WithHints/real_time,iteration,,4,172832877.00411165,171438419.75000003,,,,
09222ef,2026-04-04T20:25:08+01:00,linuxpc,16,4427,True,31.26,0,50000,ByteCask/Recovery/NoHints/real_time,iteration,,9,80028370.22084147,79488838.66666669,,,,
09222ef,2026-04-04T20:30:06+01:00,linuxpc,16,4427,True,31.26,0.0292969,100000,ByteCask/Recovery/WithHints/real_time,iteration,,2,343318284.5001283,341588050.00000006,,,,
09222ef,2026-04-04T20:30:06+01:00,linuxpc,16,4427,True,31.26,0.0292969,100000,ByteCask/Recovery/NoHints/real_time,iteration,,4,160868936.74582824,160003022.25000042,,,,
09222ef,2026-04-04T20:37:47+01:00,linuxpc,16,4427,True,31.26,0.167969,50000,ByteCask/Recovery/WithHints/real_time,iteration,,4,173470427.5004333,172700863.0,,,,
09222ef,2026-04-04T20:37:47+01:00,linuxpc,16,4427,True,31.26,0.167969,50000,ByteCask/Recovery/NoHints/real_time,iteration,,8,93826368.62574145,92576799.12499997,,,,
09222ef,2026-04-04T20:38:07+01:00,linuxpc,16,4427,True,31.26,0.307129,100000,ByteCask/Recovery/WithHints/real_time,iteration,,2,366525947.99670625,364588170.49999994,,,,
09222ef,2026-04-04T20:38:07+01:00,linuxpc,16,4427,True,31.26,0.307129,100000,ByteCask/Recovery/NoHints/real_time,iteration,,3,184602097.99862543,183708057.66666663,,,,
09222ef,2026-04-04T20:38:18+01:00,linuxpc,16,4427,True,31.26,0.333496,100000,ByteCask/Recovery/WithHints/real_time,iteration,,2,359609399.99858963,357738849.5,,,,
09222ef,2026-04-04T20:38:18+01:00,linuxpc,16,4427,True,31.26,0.333496,100000,ByteCask/Recovery/NoHints/real_time,iteration,,4,166372031.7537809,165522253.25000003,,,,
09222ef,2026-04-04T20:38:50+01:00,linuxpc,16,4427,True,31.26,0.282227,1000000,ByteCask/Recovery/WithHints/real_time,iteration,,1,3396453909.997945,3378190522.0000024,,,,
09222ef,2026-04-04T20:38:50+01:00,linuxpc,16,4427,True,31.26,0.282227,1000000,ByteCask/Recovery/NoHints/real_time,iteration,,1,1641032490.9957125,1632859620.9999979,,,,
09222ef,2026-04-04T20:43:48+01:00,linuxpc,16,4427,True,31.26,0.273926,1000000,ByteCask/Recovery/WithHints/real_time,iteration,,1,3377205903.0015955,3361687108.0,,,,
09222ef,2026-04-04T20:43:48+01:00,linuxpc,16,4427,True,31.26,0.273926,1000000,ByteCask/Recovery/NoHints/real_time,iteration,,1,1723417490.0004292,1714664492.0000007,,,,
09222ef,2026-04-04T20:55:19+01:00,linuxpc,16,4427,True,31.26,0.708984,1000000,ByteCask/Recovery/WithHints/real_time,iteration,,1,8335613401.002774,8282714139.000001,,,,
09222ef,2026-04-04T20:55:19+01:00,linuxpc,16,4427,True,31.26,0.708984,1000000,ByteCask/Recovery/NoHints/real_time,iteration,,1,3227698122.9952073,3196456594.999994,,,,
09222ef,2026-04-04T20:58:55+01:00,linuxpc,16,4427,True,31.26,0.969727,1000000,ByteCask/Recovery/WithHints/real_time,iteration,,2,325177721.50458765,322981900.00000024,,,,
09222ef,2026-04-04T20:58:55+01:00,linuxpc,16,4427,True,31.26,0.969727,1000000,ByteCask/Recovery/NoHints/real_time,iteration,,1,1829054469.9993916,1816896278.9999945,,,,
09222ef,2026-04-04T21:06:03+01:00,linuxpc,16,4427,True,31.26,0.319824,1000000,ByteCask/Recovery/WithHints/real_time,iteration,,2,275677324.99665,274219691.49999905,,,,
09222ef,2026-04-04T21:06:03+01:00,linuxpc,16,4427,True,31.26,0.319824,1000000,ByteCask/Recovery/NoHints/real_time,iteration,,1,1605788314.001984,1597047533.9999979,,,,
09222ef,2026-04-04T21:07:07+01:00,linuxpc,16,4427,True,31.26,1.35205,10000000,ByteCask/Recovery/WithHints/real_time,iteration,,1,3079177446.0012674,3061736380.9999886,,,,
09222ef,2026-04-04T21:07:07+01:00,linuxpc,16,4427,True,31.26,1.35205,10000000,ByteCask/Recovery/NoHints/real_time,iteration,,1,16201783774.00589,16120985645.999979,,,,
09222ef,2026-04-04T21:19:03+01:00,linuxpc,16,4427,True,31.26,0.00390625,10000,ByteCask/Recovery/WithHints/real_time,iteration,,41,17133199.146994185,17026711.7804878,,,,
09222ef,2026-04-04T21:19:03+01:00,linuxpc,16,4427,True,31.26,0.00390625,10000,ByteCask/Recovery/NoHints/real_time,iteration,,42,17199882.00022185,17094980.690476187,,,,
09222ef,2026-04-04T21:19:11+01:00,linuxpc,16,4427,True,31.26,0.0771484,10000,ByteCask/Recovery/WithHints/real_time,iteration,,42,17386890.928935915,17276036.047619045,,,,
09222ef,2026-04-04T21:19:11+01:00,linuxpc,16,4427,True,31.26,0.0771484,10000,ByteCask/Recovery/NoHints/real_time,iteration,,42,17351403.143471718,17081427.380952373,,,,
09222ef,2026-04-04T21:20:00+01:00,linuxpc,16,4427,True,31.26,0.0766602,1000000,ByteCask/Recovery/WithHints/real_time,iteration,,2,273982762.0025608,272502700.5000005,,,,
09222ef,2026-04-04T21:20:00+01:00,linuxpc,16,4427,True,31.26,0.0766602,1000000,ByteCask/Recovery/NoHints/real_time,iteration,,1,1676524655.9953084,1664730120.9999945,,,,
09222ef,2026-04-04T21:32:00+01:00,linuxpc,16,4427,True,31.26,1.62842,1000000,ByteCask/HintFile/Scan/Pread/real_time,iteration,,12,55806353.2498636,55482438.0,,,,
09222ef,2026-04-04T21:32:00+01:00,linuxpc,16,4427,True,31.26,1.62842,1000000,ByteCask/HintFile/Scan/Mmap/real_time,iteration,,20,33627484.80030859,33455523.250000052,,,,
1308e67,2026-04-04T22:07:30+01:00,linuxpc,16,4427,True,31.26,0.237305,50000,ByteCask/Put/NoSync/real_time,iteration,,110628,8193.621741342607,6889.365260151138,122046.15145391616,,6320.0,12800.0
1308e67,2026-04-04T22:07:30+01:00,linuxpc,16,4427,True,31.26,0.237305,50000,ByteCask/Put/Sync/real_time,iteration,,372,2068807.4408451116,232580.438172043,483.370264557584,,2012756.0,4951963.0
1308e67,2026-04-04T22:07:30+01:00,linuxpc,16,4427,True,31.26,0.237305,50000,ByteCask/Del/Sync/real_time,iteration,,380,1543726.2210501723,160714.19473684227,647.783257396325,,1975485.0,3635396.0
1308e67,2026-04-04T22:07:30+01:00,linuxpc,16,4427,True,31.26,0.237305,50000,ByteCask/Get/real_time,iteration,,708748,995.1588420775911,989.8716116306501,1004864.7087456933,,890.0,1510.0
1308e67,2026-04-04T22:07:30+01:00,linuxpc,16,4427,True,31.26,0.237305,50000,ByteCask/Range50/real_time,iteration,,16140,42564.4984511085,42383.96412639406,,23493.757389121947,42490.0,52821.0
1308e67,2026-04-04T22:07:30+01:00,linuxpc,16,4427,True,31.26,0.237305,50000,ByteCask/Mixed/Sync/real_time,iteration,,1632,309466.7604183961,43957.561274510226,3231.3648116780287,,1130.0,2272089.0
1308e67,2026-04-04T22:07:30+01:00,linuxpc,16,4427,True,31.26,0.237305,50000,ByteCask/Recovery/WithHints/real_time,iteration,,7,86553287.14459237,86045642.57142869,,,,
1308e67,2026-04-04T22:07:30+01:00,linuxpc,16,4427,True,31.26,0.237305,50000,ByteCask/Recovery/NoHints/real_time,iteration,,8,84968108.75112715,84082681.00000016,,,,
1308e67,2026-04-04T22:07:30+01:00,linuxpc,16,4427,True,31.26,0.237305,50000,ByteCask/HintFile/Scan/real_time,iteration,,618,1185656.3737887957,1179791.6553398075,,,,
1308e67,2026-04-04T22:07:30+01:00,linuxpc,16,4427,True,31.26,0.237305,50000,LevelDB/Put/NoSync/real_time,iteration,,102969,18292.375676152842,6520.683001680118,54667.58488366639,,5880.0,90731.0
1308e67,2026-04-04T22:07:30+01:00,linuxpc,16,4427,True,31.26,0.237305,50000,LevelDB/Put/Sync/real_time,iteration,,336,2144145.002992965,259902.8750000007,466.38636780820417,,2040136.0,5045954.0
1308e67,2026-04-04T22:07:30+01:00,linuxpc,16,4427,True,31.26,0.237305,50000,LevelDB/Del/Sync/real_time,iteration,,100,6874056.610031402,204809.16999998654,145.47450751870252,,2254409.0,27053986.0
1308e67,2026-04-04T22:07:30+01:00,linuxpc,16,4427,True,31.26,0.237305,50000,LevelDB/Get/real_time,iteration,,545389,970.1468676558065,958.059673004042,1030771.7659454268,,830.0,1950.0
1308e67,2026-04-04T22:07:30+01:00,linuxpc,16,4427,True,31.26,0.237305,50000,LevelDB/Range50/real_time,iteration,,67424,8989.632074528861,8897.793011390599,,111239.25781494335,8690.0,13850.0
1308e67,2026-04-04T22:07:30+01:00,linuxpc,16,4427,True,31.26,0.237305,50000,LevelDB/Mixed/Sync/real_time,iteration,,750,1371704.4599955746,49996.502666668144,729.0200106247568,,1910.0,24079268.0
1308e67,2026-04-04T22:07:30+01:00,linuxpc,16,4427,True,31.26,0.237305,50000,RocksDB/Put/NoSync/real_time,iteration,,108128,7098.386662095517,7059.7179269014605,140877.0820191964,,5680.0,14911.0
1308e67,2026-04-04T22:07:30+01:00,linuxpc,16,4427,True,31.26,0.237305,50000,RocksDB/Put/Sync/real_time,iteration,,333,2254037.288279418,310269.042042042,443.64838381326575,,2135197.0,5009784.0
1308e67,2026-04-04T22:07:30+01:00,linuxpc,16,4427,True,31.26,0.237305,50000,RocksDB/Del/Sync/real_time,iteration,,347,2071017.2276799325,234873.30547550626,482.8545058122259,,2003866.0,3379403.0
1308e67,2026-04-04T22:07:30+01:00,linuxpc,16,4427,True,31.26,0.237305,50000,RocksDB/Get/real_time,iteration,,831864,771.5390953405367,767.5833044824633,1296110.6002783005,,710.0,1280.0
1308e67,2026-04-04T22:07:30+01:00,linuxpc,16,4427,True,31.26,0.237305,50000,RocksDB/Range50/real_time,iteration,,122598,5651.679635904235,5629.337370919592,,176938.55002805835,5540.0,7910.0
1308e67,2026-04-04T22:07:30+01:00,linuxpc,16,4427,True,31.26,0.237305,50000,RocksDB/Mixed/Sync/real_time,iteration,,1659,416982.16757174465,46427.34478601637,2398.1840897979005,,1010.0,2286919.0
1308e67,2026-04-04T22:07:30+01:00,linuxpc,16,4427,True,31.26,0.237305,50000,ByteCask/MixedBatch/Sync/real_time,iteration,,243,3600890.4691413813,1047397.341563784,27770.908573024335,,2923488.0,19134134.0
1308e67,2026-04-04T22:07:30+01:00,linuxpc,16,4427,True,31.26,0.237305,50000,LevelDB/MixedBatch/Sync/real_time,iteration,,176,3456834.840934872,433566.4602272769,28928.197209721435,,2439992.0,9374530.0
1308e67,2026-04-04T22:07:30+01:00,linuxpc,16,4427,True,31.26,0.237305,50000,RocksDB/MixedBatch/Sync/real_time,iteration,,280,3054479.364280788,563221.9071428603,32738.803597563714,,2503842.0,15369976.0
1308e67,2026-04-04T22:07:30+01:00,linuxpc,16,4427,True,31.26,0.237305,50000,ByteCask/GetMT/real_time/threads:2,iteration,,627960,986.2140454831607,981.3150678387196,2027957.3274787122,,1820.0,2850.0
1308e67,2026-04-04T22:07:30+01:00,linuxpc,16,4427,True,31.26,0.237305,50000,ByteCask/GetMT/real_time/threads:4,iteration,,550988,1131.1147447842347,1124.9819905333693,3536334.415623782,,4030.0,10740.0
1308e67,2026-04-04T22:07:30+01:00,linuxpc,16,4427,True,31.26,0.237305,50000,ByteCask/GetMT/real_time/threads:8,iteration,,433728,1585.3550889483452,1577.6454851888757,5046188.110013164,,12030.0,18711.0
1308e67,2026-04-04T22:07:30+01:00,linuxpc,16,4427,True,31.26,0.237305,50000,ByteCask/GetMT/real_time/threads:16,iteration,,324560,2240.2406026855906,2084.512885136796,7142089.997306215,,32330.0,48260.0
1308e67,2026-04-04T22:07:30+01:00,linuxpc,16,4427,True,31.26,0.237305,50000,ByteCask/GetMT/real_time/threads:32,iteration,,314048,3085.3387730371046,2053.3699943957567,10371632.535023138,,63370.0,94832.0
1308e67,2026-04-04T22:07:30+01:00,linuxpc,16,4427,True,31.26,0.237305,50000,RocksDB/GetMT/real_time/threads:2,iteration,,931492,747.5512661460803,742.7593484431426,2675401.795934055,,1360.0,2600.0
1308e67,2026-04-04T22:07:30+01:00,linuxpc,16,4427,True,31.26,0.237305,50000,RocksDB/GetMT/real_time/threads:4,iteration,,884840,750.0192543278605,746.2618010035733,5333196.417183519,,2780.0,4600.0
1308e67,2026-04-04T22:07:30+01:00,linuxpc,16,4427,True,31.26,0.237305,50000,RocksDB/GetMT/real_time/threads:8,iteration,,691928,794.5952815940419,788.3453365090014,10068018.506164743,,5880.0,10000.0
1308e67,2026-04-04T22:07:30+01:00,linuxpc,16,4427,True,31.26,0.237305,50000,RocksDB/GetMT/real_time/threads:16,iteration,,525472,1136.607558563719,1118.8841784148367,14076978.35497284,,17051.0,26671.0
1308e67,2026-04-04T22:07:30+01:00,linuxpc,16,4427,True,31.26,0.237305,50000,ByteCask/ReadAndWriteLoad/Sync/real_time/threads:2,iteration,,680250,979.9051892682527,950.4369143697139,2041013.7857250315,,1720.0,3261.0
1308e67,2026-04-04T22:07:30+01:00,linuxpc,16,4427,True,31.26,0.237305,50000,ByteCask/ReadAndWriteLoad/Sync/real_time/threads:4,iteration,,555188,1159.7794530915496,1146.5926767149158,3448931.5958628664,,4150.0,8150.0
1308e67,2026-04-04T22:07:30+01:00,linuxpc,16,4427,True,31.26,0.237305,50000,ByteCask/ReadAndWriteLoad/Sync/real_time/threads:8,iteration,,428440,1599.842997848843,1592.1989496779001,5000490.679870988,,12101.0,19240.0
1308e67,2026-04-04T22:07:30+01:00,linuxpc,16,4427,True,31.26,0.237305,50000,ByteCask/ReadAndWriteLoad/Sync/real_time/threads:16,iteration,,305408,2281.686239377087,2211.3546665444205,7012357.6694612,,34370.0,59420.0
1308e67,2026-04-04T22:07:30+01:00,linuxpc,16,4427,True,31.26,0.237305,50000,ByteCask/ReadAndWriteLoad/Sync/StaleRead/real_time/threads:2,iteration,,676016,1002.2593178124961,996.4883345956332,1995491.550395506,,1830.0,3140.0
1308e67,2026-04-04T22:07:30+01:00,linuxpc,16,4427,True,31.26,0.237305,50000,ByteCask/ReadAndWriteLoad/Sync/StaleRead/real_time/threads:4,iteration,,549320,1234.4873734906898,1223.7182971674054,3240211.3507969114,,4420.0,9900.0
1308e67,2026-04-04T22:07:30+01:00,linuxpc,16,4427,True,31.26,0.237305,50000,ByteCask/ReadAndWriteLoad/Sync/StaleRead/real_time/threads:8,iteration,,437472,1568.8292096411042,1558.9642559980946,5099344.116514846,,11900.0,18750.0
1308e67,2026-04-04T22:07:30+01:00,linuxpc,16,4427,True,31.26,0.237305,50000,ByteCask/ReadAndWriteLoad/Sync/StaleRead/real_time/threads:16,iteration,,328128,2188.39032326631,1827.9894553344977,7311309.975141451,,28170.0,44881.0
1308e67,2026-04-04T22:07:30+01:00,linuxpc,16,4427,True,31.26,0.237305,50000,RocksDB/ReadAndWriteLoad/Sync/real_time/threads:2,iteration,,870280,786.2229742149912,781.2566415406558,2543807.6291231653,,1440.0,2740.0
1308e67,2026-04-04T22:07:30+01:00,linuxpc,16,4427,True,31.26,0.237305,50000,RocksDB/ReadAndWriteLoad/Sync/real_time/threads:4,iteration,,914100,765.2759358880637,756.779948583305,5226872.834251875,,2800.0,5230.0
1308e67,2026-04-04T22:07:30+01:00,linuxpc,16,4427,True,31.26,0.237305,50000,RocksDB/ReadAndWriteLoad/Sync/real_time/threads:8,iteration,,753848,871.3095716703432,852.0620576031223,9181581.679016344,,6280.0,11141.0
1308e67,2026-04-04T22:07:30+01:00,linuxpc,16,4427,True,31.26,0.237305,50000,RocksDB/ReadAndWriteLoad/Sync/real_time/threads:16,iteration,,598256,1178.8022401358633,990.7976685566008,13573099.418402798,,14960.0,24270.0
1308e67,2026-04-04T22:07:30+01:00,linuxpc,16,4427,True,31.26,0.237305,50000,RocksDB/ReadAndWriteLoad/Sync/NoCache/real_time/threads:2,iteration,,832060,677.6046715352217,673.882863014684,2951573.5118364524,,1250.0,2120.0
1308e67,2026-04-04T22:07:30+01:00,linuxpc,16,4427,True,31.26,0.237305,50000,RocksDB/ReadAndWriteLoad/Sync/NoCache/real_time/threads:4,iteration,,983412,768.3279540915019,760.7999160067188,5206110.201638754,,2720.0,6610.0
1308e67,2026-04-04T22:07:30+01:00,linuxpc,16,4427,True,31.26,0.237305,50000,RocksDB/ReadAndWriteLoad/Sync/NoCache/real_time/threads:8,iteration,,712904,725.151602474441,719.3144140024459,11032175.854954375,,5330.0,8860.0
1308e67,2026-04-04T22:07:30+01:00,linuxpc,16,4427,True,31.26,0.237305,50000,RocksDB/ReadAndWriteLoad/Sync/NoCache/real_time/threads:16,iteration,,626704,1119.2266205376516,1012.2445859608328,14295585.636011727,,15370.0,24310.0
1308e67,2026-04-04T22:07:30+01:00,linuxpc,16,4427,True,31.26,0.237305,50000,ByteCask/PutMT/Sync/real_time/threads:2,iteration,,146,4345788.048003794,233764.1643835603,460.2157256423689,,8357348.0,17161629.0
1308e67,2026-04-04T22:07:30+01:00,linuxpc,16,4427,True,31.26,0.237305,50000,ByteCask/PutMT/Sync/real_time/threads:4,iteration,,116,8646999.474061385,158151.16379311564,462.5882090080956,,17489042.0,95587908.0
1308e67,2026-04-04T22:07:30+01:00,linuxpc,16,4427,True,31.26,0.237305,50000,ByteCask/PutMT/Sync/real_time/threads:8,iteration,,72,10907979.166707568,103933.38888888934,733.4080747437563,,36079800.0,191718947.0
1308e67,2026-04-04T22:07:30+01:00,linuxpc,16,4427,True,31.26,0.237305,50000,ByteCask/PutMT/Sync/real_time/threads:16,iteration,,80,9190555.374971155,77999.80000002171,1740.9176428633637,,182329532.0,194516719.0
1308e67,2026-04-04T22:07:30+01:00,linuxpc,16,4427,True,31.26,0.237305,50000,RocksDB/PutMT/Sync/real_time/threads:2,iteration,,174,2930676.0114760157,198816.3735632096,682.4364044910967,,4223845.0,17851038.0
1308e67,2026-04-04T22:07:30+01:00,linuxpc,16,4427,True,31.26,0.237305,50000,RocksDB/PutMT/Sync/real_time/threads:4,iteration,,160,4713027.274965498,114880.60000000385,848.7114049280104,,10564495.0,90059580.0
1308e67,2026-04-04T22:07:30+01:00,linuxpc,16,4427,True,31.26,0.237305,50000,RocksDB/PutMT/Sync/real_time/threads:8,iteration,,80,12534281.799798919,119090.76250001132,638.2495724747739,,62023251.0,197176737.0
1308e67,2026-04-04T22:07:30+01:00,linuxpc,16,4427,True,31.26,0.237305,50000,RocksDB/PutMT/Sync/real_time/threads:16,iteration,,160,7814840.618766539,71425.90624999214,2047.386604606835,,87801886.0,205566232.0
1308e67,2026-04-04T22:08:54+01:00,linuxpc,16,4427,True,31.26,0.799316,1000000,ByteCask/Put/NoSync/real_time,iteration,,110089,8242.818973747253,6915.858632560927,121317.7194822455,,6300.0,12790.0
1308e67,2026-04-04T22:08:54+01:00,linuxpc,16,4427,True,31.26,0.799316,1000000,ByteCask/Put/Sync/real_time,iteration,,399,2055041.8847046774,244666.5839598998,486.608086892451,,2028326.0,5098535.0
1308e67,2026-04-04T22:08:54+01:00,linuxpc,16,4427,True,31.26,0.799316,1000000,ByteCask/Del/Sync/real_time,iteration,,372,1780133.1397945872,239393.54569892504,561.7557348072245,,2125677.0,5490280.0
1308e67,2026-04-04T22:08:54+01:00,linuxpc,16,4427,True,31.26,0.799316,1000000,ByteCask/Get/real_time,iteration,,575396,950.1498011807751,945.7427423895881,1052465.620428773,,850.0,1530.0
1308e67,2026-04-04T22:08:54+01:00,linuxpc,16,4427,True,31.26,0.799316,1000000,ByteCask/Range50/real_time,iteration,,13980,42632.464520675356,42452.56623748212,,23456.30287254523,39641.0,56301.0
1308e67,2026-04-04T22:08:54+01:00,linuxpc,16,4427,True,31.26,0.799316,1000000,ByteCask/Mixed/Sync/real_time,iteration,,1706,337761.6477163347,52972.29484173533,2960.6676979496465,,1160.0,2606974.0
1308e67,2026-04-04T22:08:54+01:00,linuxpc,16,4427,True,31.26,0.799316,1000000,ByteCask/Recovery/WithHints/real_time,iteration,,2,277349479.00171393,274675186.4999979,,,,
1308e67,2026-04-04T22:08:54+01:00,linuxpc,16,4427,True,31.26,0.799316,1000000,ByteCask/Recovery/NoHints/real_time,iteration,,1,1653592697.0027504,1643636737.0000014,,,,
1308e67,2026-04-04T22:08:54+01:00,linuxpc,16,4427,True,31.26,0.799316,1000000,ByteCask/HintFile/Scan/real_time,iteration,,16,42649459.75000955,42423601.24999989,,,,
1308e67,2026-04-04T22:08:54+01:00,linuxpc,16,4427,True,31.26,0.799316,1000000,LevelDB/Put/NoSync/real_time,iteration,,90029,8963.349654005737,6538.243688144988,111565.43464229339,,5770.0,13981.0
1308e67,2026-04-04T22:08:54+01:00,linuxpc,16,4427,True,31.26,0.799316,1000000,LevelDB/Put/Sync/real_time,iteration,,333,2278734.117115508,277403.8438438474,438.8401404486061,,2197338.0,3954740.0
1308e67,2026-04-04T22:08:54+01:00,linuxpc,16,4427,True,31.26,0.799316,1000000,LevelDB/Del/Sync/real_time,iteration,,177,4137379.282478396,277367.9096044766,241.69889481366923,,3810769.0,23987336.0
1308e67,2026-04-04T22:08:54+01:00,linuxpc,16,4427,True,31.26,0.799316,1000000,LevelDB/Get/real_time,iteration,,599895,1290.9854908012294,1265.0025304428218,774602.0440395238,,1080.0,4280.0
1308e67,2026-04-04T22:08:54+01:00,linuxpc,16,4427,True,31.26,0.799316,1000000,LevelDB/Range50/real_time,iteration,,71734,10464.341692921853,9942.362882315136,,95562.62872000887,9400.0,15400.0
1308e67,2026-04-04T22:08:54+01:00,linuxpc,16,4427,True,31.26,0.799316,1000000,LevelDB/Mixed/Sync/real_time,iteration,,772,815185.7240911642,53547.270725385766,1226.714318525244,,1590.0,7457695.0
1308e67,2026-04-04T22:08:54+01:00,linuxpc,16,4427,True,31.26,0.799316,1000000,RocksDB/Put/NoSync/real_time,iteration,,96947,6697.603267794735,6657.541625836752,149307.14167685568,,5720.0,14600.0
1308e67,2026-04-04T22:08:54+01:00,linuxpc,16,4427,True,31.26,0.799316,1000000,RocksDB/Put/Sync/real_time,iteration,,189,3642958.492077899,345693.1269841571,274.5021668994126,,3812318.0,7557986.0
1308e67,2026-04-04T22:08:54+01:00,linuxpc,16,4427,True,31.26,0.799316,1000000,RocksDB/Del/Sync/real_time,iteration,,200,4000442.4850121723,232591.32999996268,249.97234774566627,,2053656.0,12418839.0
1308e67,2026-04-04T22:08:54+01:00,linuxpc,16,4427,True,31.26,0.799316,1000000,RocksDB/Get/real_time,iteration,,277579,2327.7103203056654,2311.093483296657,429606.72179718834,,1810.0,5070.0
1308e67,2026-04-04T22:08:54+01:00,linuxpc,16,4427,True,31.26,0.799316,1000000,RocksDB/Range50/real_time,iteration,,31097,18335.6315722279,18180.108531369577,,54538.6176669612,15210.0,26440.0
1308e67,2026-04-04T22:08:54+01:00,linuxpc,16,4427,True,31.26,0.799316,1000000,RocksDB/Mixed/Sync/real_time,iteration,,1685,674924.2367953524,53739.31038575939,1481.6477842730305,,2260.0,9091946.0
1308e67,2026-04-04T22:08:54+01:00,linuxpc,16,4427,True,31.26,0.799316,1000000,ByteCask/MixedBatch/Sync/real_time,iteration,,216,3171869.2176178186,1109014.3055555653,31527.151070592812,,3029049.0,5937326.0
1308e67,2026-04-04T22:08:54+01:00,linuxpc,16,4427,True,31.26,0.799316,1000000,LevelDB/MixedBatch/Sync/real_time,iteration,,49,13262142.26541271,583676.5918370103,7540.259936797478,,12886184.0,17197029.0
1308e67,2026-04-04T22:08:54+01:00,linuxpc,16,4427,True,31.26,0.799316,1000000,RocksDB/MixedBatch/Sync/real_time,iteration,,1,655879989.004461,43231913.99998905,152.46691723555517,,655871789.0,655871789.0
1308e67,2026-04-04T22:08:54+01:00,linuxpc,16,4427,True,31.26,0.799316,1000000,ByteCask/GetMT/real_time/threads:2,iteration,,590852,1188.1295772824735,1180.7211653679733,1683318.080991184,,2130.0,3810.0
1308e67,2026-04-04T22:08:54+01:00,linuxpc,16,4427,True,31.26,0.799316,1000000,ByteCask/GetMT/real_time/threads:4,iteration,,559156,1239.773789426749,1232.3261880405112,3226395.0360247036,,4660.0,6971.0
1308e67,2026-04-04T22:08:54+01:00,linuxpc,16,4427,True,31.26,0.799316,1000000,ByteCask/GetMT/real_time/threads:8,iteration,,495176,1551.6598785107192,1510.121746611259,5155769.064337984,,11370.0,21220.0
1308e67,2026-04-04T22:08:54+01:00,linuxpc,16,4427,True,31.26,0.799316,1000000,ByteCask/GetMT/real_time/threads:16,iteration,,345680,2042.0375896681328,1722.049328859039,7835311.20139678,,26400.0,41840.0
1308e67,2026-04-04T22:08:54+01:00,linuxpc,16,4427,True,31.26,0.799316,1000000,ByteCask/GetMT/real_time/threads:32,iteration,,353152,2822.8182142490673,1927.35202122597,11336188.72036105,,59310.0,89913.0
1308e67,2026-04-04T22:08:54+01:00,linuxpc,16,4427,True,31.26,0.799316,1000000,RocksDB/GetMT/real_time/threads:2,iteration,,200738,3073.8938417384957,3053.730235431321,650640.5565615969,,4830.0,16840.0
1308e67,2026-04-04T22:08:54+01:00,linuxpc,16,4427,True,31.26,0.799316,1000000,RocksDB/GetMT/real_time/threads:4,iteration,,186312,3418.1312208082377,3385.4857711795153,1170230.0881983624,,10860.0,31581.0
1308e67,2026-04-04T22:08:54+01:00,linuxpc,16,4427,True,31.26,0.799316,1000000,RocksDB/GetMT/real_time/threads:8,iteration,,238912,3314.2703589092316,3214.801537804745,2413804.2868153043,,18400.0,70281.0
1308e67,2026-04-04T22:08:54+01:00,linuxpc,16,4427,True,31.26,0.799316,1000000,RocksDB/GetMT/real_time/threads:16,iteration,,152144,4277.277473876532,3600.8148333157346,3740697.2303573904,,48831.0,160081.0
1308e67,2026-04-04T22:08:54+01:00,linuxpc,16,4427,True,31.26,0.799316,1000000,ByteCask/ReadAndWriteLoad/Sync/real_time/threads:2,iteration,,603470,1008.8999436523715,1002.1857225711261,1982357.1332155056,,1870.0,2840.0
1308e67,2026-04-04T22:08:54+01:00,linuxpc,16,4427,True,31.26,0.799316,1000000,ByteCask/ReadAndWriteLoad/Sync/real_time/threads:4,iteration,,559592,1273.4927464955251,1254.9463984474476,3140968.027503449,,4600.0,11491.0
1308e67,2026-04-04T22:08:54+01:00,linuxpc,16,4427,True,31.26,0.799316,1000000,ByteCask/ReadAndWriteLoad/Sync/real_time/threads:8,iteration,,488832,1348.6874876927473,1331.4951946680637,5931692.903658441,,10150.0,15941.0
1308e67,2026-04-04T22:08:54+01:00,linuxpc,16,4427,True,31.26,0.799316,1000000,ByteCask/ReadAndWriteLoad/Sync/real_time/threads:16,iteration,,358592,1995.2866488960253,1688.5496134883292,8018897.940730803,,25981.0,41680.0
1308e67,2026-04-04T22:08:54+01:00,linuxpc,16,4427,True,31.26,0.799316,1000000,ByteCask/ReadAndWriteLoad/Sync/StaleRead/real_time/threads:2,iteration,,702872,1027.8072650542756,1021.0115213011768,1945890.1177297921,,1850.0,3340.0
1308e67,2026-04-04T22:08:54+01:00,linuxpc,16,4427,True,31.26,0.799316,1000000,ByteCask/ReadAndWriteLoad/Sync/StaleRead/real_time/threads:4,iteration,,618120,1112.2646444285458,1104.749673202609,3596266.4281710596,,4040.0,8250.0
1308e67,2026-04-04T22:08:54+01:00,linuxpc,16,4427,True,31.26,0.799316,1000000,ByteCask/ReadAndWriteLoad/Sync/StaleRead/real_time/threads:8,iteration,,516336,1381.0556091461463,1370.7144127080385,5792670.437757458,,10560.0,16320.0
1308e67,2026-04-04T22:08:54+01:00,linuxpc,16,4427,True,31.26,0.799316,1000000,ByteCask/ReadAndWriteLoad/Sync/StaleRead/real_time/threads:16,iteration,,371328,1814.9829772976068,1408.381974965587,8815509.677023513,,21340.0,33520.0
1308e67,2026-04-04T22:08:54+01:00,linuxpc,16,4427,True,31.26,0.799316,1000000,RocksDB/ReadAndWriteLoad/Sync/real_time/threads:2,iteration,,266512,2642.4098126629688,2624.087148045772,756884.8671449791,,4680.0,14080.0
1308e67,2026-04-04T22:08:54+01:00,linuxpc,16,4427,True,31.26,0.799316,1000000,RocksDB/ReadAndWriteLoad/Sync/real_time/threads:4,iteration,,276256,2668.8644880408588,2588.437047521123,1498764.743554399,,7720.0,31350.0
1308e67,2026-04-04T22:08:54+01:00,linuxpc,16,4427,True,31.26,0.799316,1000000,RocksDB/ReadAndWriteLoad/Sync/real_time/threads:8,iteration,,214544,2651.6987331200125,2606.1304441048233,3016933.975220906,,14220.0,55070.0
1308e67,2026-04-04T22:08:54+01:00,linuxpc,16,4427,True,31.26,0.799316,1000000,RocksDB/ReadAndWriteLoad/Sync/real_time/threads:16,iteration,,169504,3809.553444020736,3453.4580894846026,4199967.328221294,,44141.0,157902.0
1308e67,2026-04-04T22:08:54+01:00,linuxpc,16,4427,True,31.26,0.799316,1000000,RocksDB/ReadAndWriteLoad/Sync/NoCache/real_time/threads:2,iteration,,214082,3427.24386919398,3408.473033697328,583559.2903023736,,6190.0,9261.0
1308e67,2026-04-04T22:08:54+01:00,linuxpc,16,4427,True,31.26,0.799316,1000000,RocksDB/ReadAndWriteLoad/Sync/NoCache/real_time/threads:4,iteration,,162636,3897.2906121382903,3850.809187387919,1026354.0490262175,,15670.0,21990.0
1308e67,2026-04-04T22:08:54+01:00,linuxpc,16,4427,True,31.26,0.799316,1000000,RocksDB/ReadAndWriteLoad/Sync/NoCache/real_time/threads:8,iteration,,161360,3883.0543752163853,3851.1574801685256,2060233.8332061588,,30322.0,41821.0
1308e67,2026-04-04T22:08:54+01:00,linuxpc,16,4427,True,31.26,0.799316,1000000,RocksDB/ReadAndWriteLoad/Sync/NoCache/real_time/threads:16,iteration,,127792,5373.62705792199,4625.0242659947935,2977504.7333089923,,73332.0,104900.0
1308e67,2026-04-04T22:08:54+01:00,linuxpc,16,4427,True,31.26,0.799316,1000000,ByteCask/PutMT/Sync/real_time/threads:2,iteration,,52,11635368.807849143,246432.42307697653,171.88969537869855,,24164729.0,25613067.0
1308e67,2026-04-04T22:08:54+01:00,linuxpc,16,4427,True,31.26,0.799316,1000000,ByteCask/PutMT/Sync/real_time/threads:4,iteration,,56,11900411.303551143,179371.87500006572,336.12283625914506,,43515915.0,68453593.0
1308e67,2026-04-04T22:08:54+01:00,linuxpc,16,4427,True,31.26,0.799316,1000000,ByteCask/PutMT/Sync/real_time/threads:8,iteration,,40,18776530.925242696,90891.25000010958,426.0637937780616,,143166831.0,148755102.0
1308e67,2026-04-04T22:08:54+01:00,linuxpc,16,4427,True,31.26,0.799316,1000000,ByteCask/PutMT/Sync/real_time/threads:16,iteration,,48,16335785.000440715,74930.43750037804,979.4448200419108,,287157008.0,287157008.0
1308e67,2026-04-04T22:08:54+01:00,linuxpc,16,4427,True,31.26,0.799316,1000000,RocksDB/PutMT/Sync/real_time/threads:2,iteration,,72,8438698.347264208,312992.8472221166,237.00337631435679,,13357810.0,24269200.0
1308e67,2026-04-04T22:08:54+01:00,linuxpc,16,4427,True,31.26,0.799316,1000000,RocksDB/PutMT/Sync/real_time/threads:4,iteration,,40,18274223.09997928,159117.75000048656,218.8875542405157,,67402800.0,126307980.0
1308e67,2026-04-04T22:08:54+01:00,linuxpc,16,4427,True,31.26,0.799316,1000000,RocksDB/PutMT/Sync/real_time/threads:8,iteration,,48,21523888.750076972,141340.20833364644,371.680047824601,,119259342.0,242462283.0
1308e67,2026-04-04T22:08:54+01:00,linuxpc,16,4427,True,31.26,0.799316,1000000,RocksDB/PutMT/Sync/real_time/threads:16,iteration,,32,18427212.094138667,95618.78124959853,868.2811007037404,,270049943.0,270049943.0
1308e67,2026-04-04T23:51:40+01:00,linuxpc,16,4427,True,31.26,0.240723,50000,ByteCask/Put/NoSync/real_time,iteration,,107739,8241.48713094285,6907.794809678946,121337.32469780571,,6300.0,12920.0
1308e67,2026-04-04T23:51:40+01:00,linuxpc,16,4427,True,31.26,0.240723,50000,ByteCask/Put/Sync/real_time,iteration,,372,2128338.725797416,257605.01881720443,469.85002334406795,,2053686.0,5125755.0
1308e67,2026-04-04T23:51:40+01:00,linuxpc,16,4427,True,31.26,0.240723,50000,ByteCask/Del/Sync/real_time,iteration,,355,1581418.4563309872,188647.80000000022,632.3437013123504,,2041966.0,3780599.0
1308e67,2026-04-04T23:51:40+01:00,linuxpc,16,4427,True,31.26,0.240723,50000,ByteCask/Get/real_time,iteration,,721447,982.9003710543668,977.6746954384728,1017397.1131247923,,870.0,1490.0
1308e67,2026-04-04T23:51:40+01:00,linuxpc,16,4427,True,31.26,0.240723,50000,ByteCask/Range50/real_time,iteration,,16308,42675.22657584437,42420.78501349031,,23432.798844611967,42121.0,52871.0
1308e67,2026-04-04T23:51:40+01:00,linuxpc,16,4427,True,31.26,0.240723,50000,ByteCask/Mixed/Sync/real_time,iteration,,1720,307983.17325947166,40252.53023255843,3246.9306339587374,,1020.0,2282619.0
1308e67,2026-04-04T23:51:40+01:00,linuxpc,16,4427,True,31.26,0.240723,50000,ByteCask/Recovery/WithHints/real_time,iteration,,8,85927508.37306085,85408773.8749999,,,,
1308e67,2026-04-04T23:51:40+01:00,linuxpc,16,4427,True,31.26,0.240723,50000,ByteCask/Recovery/NoHints/real_time,iteration,,8,85879000.37309738,85310408.87499997,,,,
1308e67,2026-04-04T23:51:40+01:00,linuxpc,16,4427,True,31.26,0.240723,50000,ByteCask/HintFile/Scan/real_time,iteration,,574,1216830.6933783072,1210404.5191637622,,,,
1308e67,2026-04-04T23:51:40+01:00,linuxpc,16,4427,True,31.26,0.240723,50000,ByteCask/MixedBatch/Sync/real_time,iteration,,230,3103133.1826259545,1014771.0652173922,32225.49407801354,,2932027.0,4477667.0
1308e67,2026-04-04T23:51:40+01:00,linuxpc,16,4427,True,31.26,0.240723,50000,ByteCask/GetMT/real_time/threads:2,iteration,,695722,1094.5470044057097,1085.1250470733996,1827239.9375720837,,1960.0,3730.0
1308e67,2026-04-04T23:51:40+01:00,linuxpc,16,4427,True,31.26,0.240723,50000,ByteCask/GetMT/real_time/threads:4,iteration,,540256,1290.405844629505,1281.389904045492,3099799.9711853913,,4740.0,9131.0
1308e67,2026-04-04T23:51:40+01:00,linuxpc,16,4427,True,31.26,0.240723,50000,ByteCask/GetMT/real_time/threads:8,iteration,,421616,1673.8898476144375,1658.0884715001312,4779287.0070878845,,12520.0,21060.0
1308e67,2026-04-04T23:51:40+01:00,linuxpc,16,4427,True,31.26,0.240723,50000,ByteCask/GetMT/real_time/threads:16,iteration,,318688,2206.54265294506,1975.1002391053319,7251162.799252889,,30940.0,47040.0
1308e67,2026-04-04T23:51:40+01:00,linuxpc,16,4427,True,31.26,0.240723,50000,ByteCask/GetMT/real_time/threads:32,iteration,,320128,3272.943788078174,2055.0244183576547,9777130.947546748,,63790.0,93850.0
1308e67,2026-04-04T23:51:40+01:00,linuxpc,16,4427,True,31.26,0.240723,50000,ByteCask/ReadAndWriteLoad/Sync/real_time/threads:2,iteration,,668194,1068.0244390040634,1059.1310562501317,1872616.3250206215,,1930.0,3630.0
1308e67,2026-04-04T23:51:40+01:00,linuxpc,16,4427,True,31.26,0.240723,50000,ByteCask/ReadAndWriteLoad/Sync/real_time/threads:4,iteration,,515204,1142.896196444647,1135.986840164284,3499880.4024751415,,4240.0,6570.0
1308e67,2026-04-04T23:51:40+01:00,linuxpc,16,4427,True,31.26,0.240723,50000,ByteCask/ReadAndWriteLoad/Sync/real_time/threads:8,iteration,,415000,1664.1262096439837,1646.256399999997,4807327.685627575,,12511.0,20160.0
1308e67,2026-04-04T23:51:40+01:00,linuxpc,16,4427,True,31.26,0.240723,50000,ByteCask/ReadAndWriteLoad/Sync/real_time/threads:16,iteration,,160000,3386.6382938867896,1899.4979937500086,4724449.0292575825,,29111.0,48051.0
1308e67,2026-04-04T23:51:40+01:00,linuxpc,16,4427,True,31.26,0.240723,50000,ByteCask/ReadAndWriteLoad/Sync/StaleRead/real_time/threads:2,iteration,,667098,1062.1462618646897,1050.5636128424894,1882979.841673431,,1900.0,3550.0
1308e67,2026-04-04T23:51:40+01:00,linuxpc,16,4427,True,31.26,0.240723,50000,ByteCask/ReadAndWriteLoad/Sync/StaleRead/real_time/threads:4,iteration,,528792,1167.5701126313677,1158.6939496058924,3425918.4581088233,,4320.0,6970.0
1308e67,2026-04-04T23:51:40+01:00,linuxpc,16,4427,True,31.26,0.240723,50000,ByteCask/ReadAndWriteLoad/Sync/StaleRead/real_time/threads:8,iteration,,430888,1770.1098104114542,1716.6903255602394,4519493.622907178,,13130.0,22210.0
1308e67,2026-04-04T23:51:40+01:00,linuxpc,16,4427,True,31.26,0.240723,50000,ByteCask/ReadAndWriteLoad/Sync/StaleRead/real_time/threads:16,iteration,,319152,2212.785318553809,2078.358493758465,7230705.964036756,,32320.0,47291.0
1308e67,2026-04-04T23:51:40+01:00,linuxpc,16,4427,True,31.26,0.240723,50000,ByteCask/PutMT/Sync/real_time/threads:2,iteration,,158,4049032.7214971744,274381.29746835015,493.9451314832738,,8038402.0,13820927.0
1308e67,2026-04-04T23:51:40+01:00,linuxpc,16,4427,True,31.26,0.240723,50000,ByteCask/PutMT/Sync/real_time/threads:4,iteration,,112,5494651.062560609,154516.3303571442,727.980713325939,,16534711.0,92251706.0
1308e67,2026-04-04T23:51:40+01:00,linuxpc,16,4427,True,31.26,0.240723,50000,ByteCask/PutMT/Sync/real_time/threads:8,iteration,,80,6598346.40000554,116251.90000000488,1212.4249796878328,,35984806.0,94133558.0
1308e67,2026-04-04T23:51:40+01:00,linuxpc,16,4427,True,31.26,0.240723,50000,ByteCask/PutMT/Sync/real_time/threads:16,iteration,,48,19182860.041685972,110767.500000006,834.0779198321131,,196508040.0,196508040.0
c3ae7f0,2026-04-05T10:23:20+01:00,linuxpc,16,4427,True,31.26,0.564453,50000,ByteCask/Put/NoSync/real_time,iteration,,93889,8362.92974670912,6791.507705908041,119575.3199282235,,5960.0,12980.0
c3ae7f0,2026-04-05T10:23:20+01:00,linuxpc,16,4427,True,31.26,0.564453,50000,ByteCask/Put/Sync/real_time,iteration,,317,2064754.8927377604,240934.39116719228,484.31898794246257,,2014265.0,3176669.0
c3ae7f0,2026-04-05T10:23:20+01:00,linuxpc,16,4427,True,31.26,0.564453,50000,ByteCask/Del/Sync/real_time,iteration,,372,1439460.583310637,142304.62634408582,694.7046772896588,,1886483.0,3123289.0
c3ae7f0,2026-04-05T10:23:20+01:00,linuxpc,16,4427,True,31.26,0.564453,50000,ByteCask/Get/real_time,iteration,,729952,970.8361727882034,965.8389250252071,1030039.905835028,,860.0,1480.0
c3ae7f0,2026-04-05T10:23:20+01:00,linuxpc,16,4427,True,31.26,0.564453,50000,ByteCask/Range50/real_time,iteration,,18075,39254.89056691203,39089.03922544953,,25474.53286859754,38601.0,48831.0
c3ae7f0,2026-04-05T10:23:20+01:00,linuxpc,16,4427,True,31.26,0.564453,50000,ByteCask/Mixed/Sync/real_time,iteration,,1793,292303.79531861475,32391.351924149756,3421.098240992689,,1060.0,2121596.0
c3ae7f0,2026-04-05T10:23:20+01:00,linuxpc,16,4427,True,31.26,0.564453,50000,ByteCask/Recovery/WithHints/real_time,iteration,,8,87655379.12768196,87074189.3749999,,,,
c3ae7f0,2026-04-05T10:23:20+01:00,linuxpc,16,4427,True,31.26,0.564453,50000,ByteCask/Recovery/NoHints/real_time,iteration,,8,86452180.872584,85740273.87499982,,,,
c3ae7f0,2026-04-05T10:23:20+01:00,linuxpc,16,4427,True,31.26,0.564453,50000,ByteCask/HintFile/Scan/real_time,iteration,,568,1273142.2306336446,1262777.3169014086,,,,
c3ae7f0,2026-04-05T10:23:20+01:00,linuxpc,16,4427,True,31.26,0.564453,50000,LevelDB/Put/NoSync/real_time,iteration,,99509,17966.745661105328,7367.652373152176,55658.38237276406,,6570.0,57671.0
c3ae7f0,2026-04-05T10:23:20+01:00,linuxpc,16,4427,True,31.26,0.564453,50000,LevelDB/Put/Sync/real_time,iteration,,330,2559826.8272887887,251660.9636363603,390.6514258463095,,2064306.0,8422685.0
c3ae7f0,2026-04-05T10:23:20+01:00,linuxpc,16,4427,True,31.26,0.564453,50000,LevelDB/Del/Sync/real_time,iteration,,100,6921833.910018904,241175.16000000451,144.47038357169552,,3680896.0,24340833.0
c3ae7f0,2026-04-05T10:23:20+01:00,linuxpc,16,4427,True,31.26,0.564453,50000,LevelDB/Get/real_time,iteration,,550759,979.0587244244123,962.3029019952471,1021389.1925511404,,820.0,2010.0
c3ae7f0,2026-04-05T10:23:20+01:00,linuxpc,16,4427,True,31.26,0.564453,50000,LevelDB/Range50/real_time,iteration,,74846,8824.045987709998,8645.939128343538,,113326.69859073551,7680.0,13640.0
c3ae7f0,2026-04-05T10:23:20+01:00,linuxpc,16,4427,True,31.26,0.564453,50000,LevelDB/Mixed/Sync/real_time,iteration,,785,1116638.166876658,48086.62675159328,895.5452443445436,,1890.0,23881858.0
c3ae7f0,2026-04-05T10:23:20+01:00,linuxpc,16,4427,True,31.26,0.564453,50000,RocksDB/Put/NoSync/real_time,iteration,,105695,7091.38404846895,7050.5697336676385,141016.1955924391,,5700.0,14811.0
c3ae7f0,2026-04-05T10:23:20+01:00,linuxpc,16,4427,True,31.26,0.564453,50000,RocksDB/Put/Sync/real_time,iteration,,326,2165202.552147718,272329.8650306711,461.8505548167192,,2064776.0,3911259.0
c3ae7f0,2026-04-05T10:23:20+01:00,linuxpc,16,4427,True,31.26,0.564453,50000,RocksDB/Del/Sync/real_time,iteration,,341,2114058.6773938662,244880.9560117285,473.02376735955266,,2032165.0,5041733.0
c3ae7f0,2026-04-05T10:23:20+01:00,linuxpc,16,4427,True,31.26,0.564453,50000,RocksDB/Get/real_time,iteration,,945249,784.7559838795385,759.6613696496901,1274281.4588763963,,700.0,1310.0
c3ae7f0,2026-04-05T10:23:20+01:00,linuxpc,16,4427,True,31.26,0.564453,50000,RocksDB/Range50/real_time,iteration,,122656,5954.177838862461,5926.191079115568,,167949.2999811119,5770.0,9730.0
c3ae7f0,2026-04-05T10:23:20+01:00,linuxpc,16,4427,True,31.26,0.564453,50000,RocksDB/Mixed/Sync/real_time,iteration,,1645,431012.46869630297,58567.10212766075,2320.1184945408463,,770.0,2306159.0
c3ae7f0,2026-04-05T10:23:20+01:00,linuxpc,16,4427,True,31.26,0.564453,50000,ByteCask/MixedBatch/Sync/real_time,iteration,,242,2949294.793392601,941229.1239669325,33906.41051685752,,2795355.0,5761842.0
c3ae7f0,2026-04-05T10:23:20+01:00,linuxpc,16,4427,True,31.26,0.564453,50000,LevelDB/MixedBatch/Sync/real_time,iteration,,135,3989958.0444735307,557143.4222222262,25062.92018245893,,3835748.0,9766311.0
c3ae7f0,2026-04-05T10:23:20+01:00,linuxpc,16,4427,True,31.26,0.564453,50000,RocksDB/MixedBatch/Sync/real_time,iteration,,287,3371048.829275287,572577.8675958232,29664.35820554345,,2536922.0,16002600.0
c3ae7f0,2026-04-05T10:23:20+01:00,linuxpc,16,4427,True,31.26,0.564453,50000,ByteCask/GetMT/real_time/threads:2,iteration,,613758,983.2832892163377,978.9082146383463,2034001.8201610753,,1820.0,2570.0
c3ae7f0,2026-04-05T10:23:20+01:00,linuxpc,16,4427,True,31.26,0.564453,50000,ByteCask/GetMT/real_time/threads:4,iteration,,516696,1216.413380418486,1209.2088249183294,3288355.804359756,,4430.0,12230.0
c3ae7f0,2026-04-05T10:23:20+01:00,linuxpc,16,4427,True,31.26,0.564453,50000,ByteCask/GetMT/real_time/threads:8,iteration,,430664,1614.1269690738563,1606.8691880445006,4956239.5977995405,,12280.0,18950.0
c3ae7f0,2026-04-05T10:23:20+01:00,linuxpc,16,4427,True,31.26,0.564453,50000,ByteCask/GetMT/real_time/threads:16,iteration,,315408,2202.4411525064907,2050.515842971641,7264666.291669669,,31210.0,47571.0
c3ae7f0,2026-04-05T10:23:20+01:00,linuxpc,16,4427,True,31.26,0.564453,50000,ByteCask/GetMT/real_time/threads:32,iteration,,320000,2996.1330156311305,2109.2093343749953,10680433.69004405,,65370.0,97581.0
c3ae7f0,2026-04-05T10:23:20+01:00,linuxpc,16,4427,True,31.26,0.564453,50000,RocksDB/GetMT/real_time/threads:2,iteration,,914644,761.6167787647845,756.8905388325956,2625992.5670803455,,1390.0,2630.0
c3ae7f0,2026-04-05T10:23:20+01:00,linuxpc,16,4427,True,31.26,0.564453,50000,RocksDB/GetMT/real_time/threads:4,iteration,,948888,768.6169937810077,763.1566085776183,5204152.435302086,,2850.0,4710.0
c3ae7f0,2026-04-05T10:23:20+01:00,linuxpc,16,4427,True,31.26,0.564453,50000,RocksDB/GetMT/real_time/threads:8,iteration,,821600,774.309554522214,764.5118646543339,10331785.205642184,,5650.0,9770.0
c3ae7f0,2026-04-05T10:23:20+01:00,linuxpc,16,4427,True,31.26,0.564453,50000,RocksDB/GetMT/real_time/threads:16,iteration,,502736,1166.2154053867523,1081.844441217662,13719592.389275562,,16410.0,26431.0
c3ae7f0,2026-04-05T10:23:20+01:00,linuxpc,16,4427,True,31.26,0.564453,50000,ByteCask/ReadAndWriteLoad/Sync/real_time/threads:2,iteration,,672684,1058.3479271108683,1052.0329560387952,1889737.7211856036,,1910.0,3550.0
c3ae7f0,2026-04-05T10:23:20+01:00,linuxpc,16,4427,True,31.26,0.564453,50000,ByteCask/ReadAndWriteLoad/Sync/real_time/threads:4,iteration,,526068,1308.9105704826006,1301.7114365443203,3055976.542786406,,4860.0,8450.0
c3ae7f0,2026-04-05T10:23:20+01:00,linuxpc,16,4427,True,31.26,0.564453,50000,ByteCask/ReadAndWriteLoad/Sync/real_time/threads:8,iteration,,433800,1613.323803594548,1591.5649723374772,4958706.976352601,,12101.0,19610.0
c3ae7f0,2026-04-05T10:23:20+01:00,linuxpc,16,4427,True,31.26,0.564453,50000,ByteCask/ReadAndWriteLoad/Sync/real_time/threads:16,iteration,,314816,2261.36941256644,2065.597002693632,7075358.811827881,,32290.0,47770.0
c3ae7f0,2026-04-05T10:23:20+01:00,linuxpc,16,4427,True,31.26,0.564453,50000,ByteCask/ReadAndWriteLoad/Sync/StaleRead/real_time/threads:2,iteration,,671546,990.9024802508744,984.9019337469064,2018362.0889652476,,1830.0,3250.0
c3ae7f0,2026-04-05T10:23:20+01:00,linuxpc,16,4427,True,31.26,0.564453,50000,ByteCask/ReadAndWriteLoad/Sync/StaleRead/real_time/threads:4,iteration,,603376,1070.142335795055,1063.879370409168,3737820.536768342,,3930.0,8280.0
c3ae7f0,2026-04-05T10:23:20+01:00,linuxpc,16,4427,True,31.26,0.564453,50000,ByteCask/ReadAndWriteLoad/Sync/StaleRead/real_time/threads:8,iteration,,424160,1583.8854535265034,1573.0994553941898,5050870.302639682,,11990.0,18810.0
c3ae7f0,2026-04-05T10:23:20+01:00,linuxpc,16,4427,True,31.26,0.564453,50000,ByteCask/ReadAndWriteLoad/Sync/StaleRead/real_time/threads:16,iteration,,345712,2203.800961462202,1761.2248866108202,7260183.782379397,,27150.0,42250.0
c3ae7f0,2026-04-05T10:23:20+01:00,linuxpc,16,4427,True,31.26,0.564453,50000,RocksDB/ReadAndWriteLoad/Sync/real_time/threads:2,iteration,,897110,713.5702778915258,708.8256378816391,2802807.3225101903,,1320.0,2240.0
c3ae7f0,2026-04-05T10:23:20+01:00,linuxpc,16,4427,True,31.26,0.564453,50000,RocksDB/ReadAndWriteLoad/Sync/real_time/threads:4,iteration,,742824,761.3055461293243,753.0691846251573,5254132.221073447,,2770.0,5290.0
c3ae7f0,2026-04-05T10:23:20+01:00,linuxpc,16,4427,True,31.26,0.564453,50000,RocksDB/ReadAndWriteLoad/Sync/real_time/threads:8,iteration,,853472,762.382339408863,757.2076916407328,10493422.507928304,,5600.0,9660.0
c3ae7f0,2026-04-05T10:23:20+01:00,linuxpc,16,4427,True,31.26,0.564453,50000,RocksDB/ReadAndWriteLoad/Sync/real_time/threads:16,iteration,,631392,1156.102166278273,1024.7409422355681,13839607.317324938,,15650.0,25281.0
c3ae7f0,2026-04-05T10:23:20+01:00,linuxpc,16,4427,True,31.26,0.564453,50000,RocksDB/ReadAndWriteLoad/Sync/NoCache/real_time/threads:2,iteration,,746464,701.4645971027645,696.754060477129,2851177.3912190753,,1310.0,2100.0
c3ae7f0,2026-04-05T10:23:20+01:00,linuxpc,16,4427,True,31.26,0.564453,50000,RocksDB/ReadAndWriteLoad/Sync/NoCache/real_time/threads:4,iteration,,911876,835.6523496656046,803.2403978172478,4786679.534378912,,2900.0,6540.0
c3ae7f0,2026-04-05T10:23:20+01:00,linuxpc,16,4427,True,31.26,0.564453,50000,RocksDB/ReadAndWriteLoad/Sync/NoCache/real_time/threads:8,iteration,,828320,783.89230735161,776.09898589917,10205483.48921563,,5740.0,9841.0
c3ae7f0,2026-04-05T10:23:20+01:00,linuxpc,16,4427,True,31.26,0.564453,50000,RocksDB/ReadAndWriteLoad/Sync/NoCache/real_time/threads:16,iteration,,582272,1141.5399708854998,1051.3487940344035,14016153.974519787,,16100.0,25430.0
c3ae7f0,2026-04-05T10:23:20+01:00,linuxpc,16,4427,True,31.26,0.564453,50000,ByteCask/PutMT/Sync/real_time/threads:2,iteration,,166,3998314.3131788652,245322.71686747114,500.21079968820595,,7835888.0,14394500.0
c3ae7f0,2026-04-05T10:23:20+01:00,linuxpc,16,4427,True,31.26,0.564453,50000,ByteCask/PutMT/Sync/real_time/threads:4,iteration,,140,4008720.1999475444,130127.23571428483,997.8246922926527,,16108124.0,16906571.0
c3ae7f0,2026-04-05T10:23:20+01:00,linuxpc,16,4427,True,31.26,0.564453,50000,ByteCask/PutMT/Sync/real_time/threads:8,iteration,,104,4822777.163448896,87412.99038461263,1658.795280990961,,32950290.0,38316191.0
c3ae7f0,2026-04-05T10:23:20+01:00,linuxpc,16,4427,True,31.26,0.564453,50000,ByteCask/PutMT/Sync/real_time/threads:16,iteration,,64,7870162.327890284,69700.32812503027,2032.9949159116063,,68406628.0,177102603.0
c3ae7f0,2026-04-05T10:23:20+01:00,linuxpc,16,4427,True,31.26,0.564453,50000,RocksDB/PutMT/Sync/real_time/threads:2,iteration,,266,2758314.2819322464,240548.98496241533,725.0805367251211,,6166947.0,9273846.0
c3ae7f0,2026-04-05T10:23:20+01:00,linuxpc,16,4427,True,31.26,0.564453,50000,RocksDB/PutMT/Sync/real_time/threads:4,iteration,,248,4060531.3911768347,152836.58064516116,985.0927414800034,,9341416.0,89261634.0
c3ae7f0,2026-04-05T10:23:20+01:00,linuxpc,16,4427,True,31.26,0.564453,50000,RocksDB/PutMT/Sync/real_time/threads:8,iteration,,32,27598835.749813586,136233.43750002966,289.8672999296369,,196703133.0,244609041.0
c3ae7f0,2026-04-05T10:23:20+01:00,linuxpc,16,4427,True,31.26,0.564453,50000,RocksDB/PutMT/Sync/real_time/threads:16,iteration,,64,16406423.968419403,112724.21874997253,975.2277541283996,,270873304.0,293290371.0
a324abd,2026-04-06T01:27:19+01:00,linuxpc,16,4427,True,31.26,0.397949,50000,ByteCask/Put/NoSync/real_time,iteration,,104828,8600.547973890107,7210.47658068455,116271.66118203639,,6710.0,13070.0
a324abd,2026-04-06T01:27:19+01:00,linuxpc,16,4427,True,31.26,0.397949,50000,ByteCask/Put/Sync/real_time,iteration,,343,2078761.47815697,282561.74635568465,481.0556720950015,,2023046.0,3267421.0
a324abd,2026-04-06T01:27:19+01:00,linuxpc,16,4427,True,31.26,0.397949,50000,ByteCask/Del/Sync/real_time,iteration,,356,1483851.0898616835,174721.55898876418,673.9220713132438,,1989285.0,2529402.0
a324abd,2026-04-06T01:27:19+01:00,linuxpc,16,4427,True,31.26,0.397949,50000,ByteCask/Get/real_time,iteration,,736161,973.6910730224155,968.666689759441,1027019.7886234281,,860.0,1610.0
a324abd,2026-04-06T01:27:19+01:00,linuxpc,16,4427,True,31.26,0.397949,50000,ByteCask/Range50/real_time,iteration,,17035,39825.04150236481,39672.74951570293,,25109.8294509152,39400.0,48280.0
a324abd,2026-04-06T01:27:19+01:00,linuxpc,16,4427,True,31.26,0.397949,50000,ByteCask/Mixed/Sync/real_time,iteration,,1788,302622.4435080505,36372.03747203606,3304.4475763523383,,1060.0,2326000.0
a324abd,2026-04-06T01:27:19+01:00,linuxpc,16,4427,True,31.26,0.397949,50000,ByteCask/Recovery/real_time,iteration,,36,20095384.419417113,1011174.1388889102,,,,
a324abd,2026-04-06T01:27:19+01:00,linuxpc,16,4427,True,31.26,0.397949,50000,ByteCask/Recovery/Parallel/1/real_time,iteration,,48,15890318.623254037,13819242.000000028,,,,
a324abd,2026-04-06T01:27:19+01:00,linuxpc,16,4427,True,31.26,0.397949,50000,ByteCask/Recovery/Parallel/2/real_time,iteration,,58,12898614.603006441,2104204.999999993,,,,
a324abd,2026-04-06T01:27:19+01:00,linuxpc,16,4427,True,31.26,0.397949,50000,ByteCask/Recovery/Parallel/4/real_time,iteration,,59,12052888.81428098,3177675.16949157,,,,
a324abd,2026-04-06T01:27:19+01:00,linuxpc,16,4427,True,31.26,0.397949,50000,ByteCask/Recovery/Parallel/8/real_time,iteration,,59,13234571.507891199,4416967.457627085,,,,
a324abd,2026-04-06T01:27:19+01:00,linuxpc,16,4427,True,31.26,0.397949,50000,ByteCask/Recovery/Parallel/16/real_time,iteration,,46,14060105.370489232,5818320.065217483,,,,
a324abd,2026-04-06T01:27:19+01:00,linuxpc,16,4427,True,31.26,0.397949,50000,LevelDB/Put/NoSync/real_time,iteration,,98003,14157.329163489685,6653.612256767643,70634.79194782718,,6181.0,15490.0
a324abd,2026-04-06T01:27:19+01:00,linuxpc,16,4427,True,31.26,0.397949,50000,LevelDB/Put/Sync/real_time,iteration,,224,3231875.151738807,321738.4285714244,309.41789303401214,,2239518.0,6820066.0
a324abd,2026-04-06T01:27:19+01:00,linuxpc,16,4427,True,31.26,0.397949,50000,LevelDB/Del/Sync/real_time,iteration,,100,8574192.890082486,228382.28000001237,116.62905334876129,,2056715.0,41856135.0
a324abd,2026-04-06T01:27:19+01:00,linuxpc,16,4427,True,31.26,0.397949,50000,LevelDB/Get/real_time,iteration,,549258,966.1258425190622,954.7594864344246,1035061.8480431231,,830.0,1930.0
a324abd,2026-04-06T01:27:19+01:00,linuxpc,16,4427,True,31.26,0.397949,50000,LevelDB/Range50/real_time,iteration,,58211,9726.902561555384,9633.843036539485,,102807.65060322497,9370.0,16541.0
a324abd,2026-04-06T01:27:19+01:00,linuxpc,16,4427,True,31.26,0.397949,50000,LevelDB/Mixed/Sync/real_time,iteration,,551,1586055.3810790437,52836.782214157574,630.4950078853288,,1820.0,24534618.0
a324abd,2026-04-06T01:27:19+01:00,linuxpc,16,4427,True,31.26,0.397949,50000,RocksDB/Put/NoSync/real_time,iteration,,102542,7094.639347782184,7058.605156911313,140951.49182073708,,5661.0,14831.0
a324abd,2026-04-06T01:27:19+01:00,linuxpc,16,4427,True,31.26,0.397949,50000,RocksDB/Put/Sync/real_time,iteration,,329,2169131.018178209,298997.68389058084,461.01410731744147,,2101646.0,3634785.0
a324abd,2026-04-06T01:27:19+01:00,linuxpc,16,4427,True,31.26,0.397949,50000,RocksDB/Del/Sync/real_time,iteration,,333,2109486.1080277115,274933.2072072091,474.0491042792225,,2026855.0,3803218.0
a324abd,2026-04-06T01:27:19+01:00,linuxpc,16,4427,True,31.26,0.397949,50000,RocksDB/Get/real_time,iteration,,872648,753.8234591787187,749.8045752697533,1326570.5488782316,,690.0,1320.0
a324abd,2026-04-06T01:27:19+01:00,linuxpc,16,4427,True,31.26,0.397949,50000,RocksDB/Range50/real_time,iteration,,124944,5585.520048956796,5563.739627353054,,179034.3587051969,5470.0,7870.0
a324abd,2026-04-06T01:27:19+01:00,linuxpc,16,4427,True,31.26,0.397949,50000,RocksDB/Mixed/Sync/real_time,iteration,,1554,420078.86808385956,56276.23745173828,2380.505366912129,,920.0,2297359.0
a324abd,2026-04-06T01:27:19+01:00,linuxpc,16,4427,True,31.26,0.397949,50000,ByteCask/MixedBatch/Sync/real_time,iteration,,231,3040351.831098188,1048538.0216450243,32890.93024601682,,2969677.0,4716999.0
a324abd,2026-04-06T01:27:19+01:00,linuxpc,16,4427,True,31.26,0.397949,50000,LevelDB/MixedBatch/Sync/real_time,iteration,,180,4670283.049927093,451008.7166666763,21411.978445623565,,2505812.0,38003426.0
a324abd,2026-04-06T01:27:19+01:00,linuxpc,16,4427,True,31.26,0.397949,50000,RocksDB/MixedBatch/Sync/real_time,iteration,,241,3096440.136992987,563065.4937759434,32295.15042299895,,2602933.0,13961385.0
a324abd,2026-04-06T01:27:19+01:00,linuxpc,16,4427,True,31.26,0.397949,50000,ByteCask/GetMT/real_time/threads:2,iteration,,616342,984.20740752084,979.8837771886351,2032092.0008495785,,1830.0,2690.0
a324abd,2026-04-06T01:27:19+01:00,linuxpc,16,4427,True,31.26,0.397949,50000,ByteCask/GetMT/real_time/threads:4,iteration,,546556,1219.922287932198,1213.174457878057,3278897.3851605826,,4330.0,11800.0
a324abd,2026-04-06T01:27:19+01:00,linuxpc,16,4427,True,31.26,0.397949,50000,ByteCask/GetMT/real_time/threads:8,iteration,,436896,1591.7234191899522,1584.2336208159415,5025998.80327909,,12080.0,18750.0
a324abd,2026-04-06T01:27:19+01:00,linuxpc,16,4427,True,31.26,0.397949,50000,ByteCask/GetMT/real_time/threads:16,iteration,,311744,2205.521764793176,2163.903395093412,7254519.20511898,,33610.0,48410.0
a324abd,2026-04-06T01:27:19+01:00,linuxpc,16,4427,True,31.26,0.397949,50000,ByteCask/GetMT/real_time/threads:32,iteration,,374208,3285.8106829654134,2202.45407099794,9738844.713694915,,68272.0,99151.0
a324abd,2026-04-06T01:27:19+01:00,linuxpc,16,4427,True,31.26,0.397949,50000,RocksDB/GetMT/real_time/threads:2,iteration,,913240,732.0556239650574,728.2519961893905,2732032.8326518866,,1330.0,2760.0
a324abd,2026-04-06T01:27:19+01:00,linuxpc,16,4427,True,31.26,0.397949,50000,RocksDB/GetMT/real_time/threads:4,iteration,,928516,822.1150061166182,810.4006091440525,4865499.316080594,,2920.0,7090.0
a324abd,2026-04-06T01:27:19+01:00,linuxpc,16,4427,True,31.26,0.397949,50000,RocksDB/GetMT/real_time/threads:8,iteration,,818624,776.1097804996674,767.397043086938,10307820.106131788,,5710.0,9490.0
a324abd,2026-04-06T01:27:19+01:00,linuxpc,16,4427,True,31.26,0.397949,50000,RocksDB/GetMT/real_time/threads:16,iteration,,591824,1164.2713339668708,1128.4604358728295,13742501.024641115,,17140.0,27430.0
a324abd,2026-04-06T01:27:19+01:00,linuxpc,16,4427,True,31.26,0.397949,50000,ByteCask/ReadAndWriteLoad/Sync/real_time/threads:2,iteration,,668706,931.9979183934612,924.7790658376033,2145927.539674676,,1680.0,3140.0
a324abd,2026-04-06T01:27:19+01:00,linuxpc,16,4427,True,31.26,0.397949,50000,ByteCask/ReadAndWriteLoad/Sync/real_time/threads:4,iteration,,562220,1134.2199370306753,1112.883164953217,3526652.8734028237,,4140.0,6850.0
a324abd,2026-04-06T01:27:19+01:00,linuxpc,16,4427,True,31.26,0.397949,50000,ByteCask/ReadAndWriteLoad/Sync/real_time/threads:8,iteration,,459352,1595.8251362581432,1587.224877653738,5013080.5802183505,,12130.0,19820.0
a324abd,2026-04-06T01:27:19+01:00,linuxpc,16,4427,True,31.26,0.397949,50000,ByteCask/ReadAndWriteLoad/Sync/real_time/threads:16,iteration,,352688,2986.323830292449,1935.8672707889198,5357757.8686210755,,29511.0,57921.0
a324abd,2026-04-06T01:27:19+01:00,linuxpc,16,4427,True,31.26,0.397949,50000,ByteCask/ReadAndWriteLoad/Sync/StaleRead/real_time/threads:2,iteration,,686112,958.6309421896751,953.1566610116137,2086308.621993425,,1730.0,3220.0
a324abd,2026-04-06T01:27:19+01:00,linuxpc,16,4427,True,31.26,0.397949,50000,ByteCask/ReadAndWriteLoad/Sync/StaleRead/real_time/threads:4,iteration,,652276,1063.6916964714737,1057.923901845235,3760488.131353268,,3960.0,6260.0
a324abd,2026-04-06T01:27:19+01:00,linuxpc,16,4427,True,31.26,0.397949,50000,ByteCask/ReadAndWriteLoad/Sync/StaleRead/real_time/threads:8,iteration,,426968,1551.2011486061394,1538.4706137228075,5157293.757285152,,11810.0,18460.0
a324abd,2026-04-06T01:27:19+01:00,linuxpc,16,4427,True,31.26,0.397949,50000,ByteCask/ReadAndWriteLoad/Sync/StaleRead/real_time/threads:16,iteration,,315408,2079.9205443059363,1858.9042256378993,7692601.5485553825,,29011.0,47940.0
a324abd,2026-04-06T01:27:19+01:00,linuxpc,16,4427,True,31.26,0.397949,50000,RocksDB/ReadAndWriteLoad/Sync/real_time/threads:2,iteration,,920972,783.1190416349307,774.1959440677889,2553890.1414331165,,1420.0,2820.0
a324abd,2026-04-06T01:27:19+01:00,linuxpc,16,4427,True,31.26,0.397949,50000,RocksDB/ReadAndWriteLoad/Sync/real_time/threads:4,iteration,,897288,817.2529131958486,807.7824500049044,4894445.691674678,,2920.0,5960.0
a324abd,2026-04-06T01:27:19+01:00,linuxpc,16,4427,True,31.26,0.397949,50000,RocksDB/ReadAndWriteLoad/Sync/real_time/threads:8,iteration,,766304,826.2335274156214,816.6773630308574,9682492.581756186,,6180.0,10370.0
a324abd,2026-04-06T01:27:19+01:00,linuxpc,16,4427,True,31.26,0.397949,50000,RocksDB/ReadAndWriteLoad/Sync/real_time/threads:16,iteration,,586208,1212.4954758638696,1058.8208451607627,13195925.525907997,,16270.0,26430.0
a324abd,2026-04-06T01:27:19+01:00,linuxpc,16,4427,True,31.26,0.397949,50000,RocksDB/ReadAndWriteLoad/Sync/NoCache/real_time/threads:2,iteration,,814618,738.3487327762089,734.1693628179089,2708747.115309526,,1360.0,2250.0
a324abd,2026-04-06T01:27:19+01:00,linuxpc,16,4427,True,31.26,0.397949,50000,RocksDB/ReadAndWriteLoad/Sync/NoCache/real_time/threads:4,iteration,,973976,769.2082474686616,738.9379420026768,5200152.251569513,,2700.0,5210.0
a324abd,2026-04-06T01:27:19+01:00,linuxpc,16,4427,True,31.26,0.397949,50000,RocksDB/ReadAndWriteLoad/Sync/NoCache/real_time/threads:8,iteration,,933648,734.815797881162,725.9312428238455,10887082.208994368,,5390.0,9170.0
a324abd,2026-04-06T01:27:19+01:00,linuxpc,16,4427,True,31.26,0.397949,50000,RocksDB/ReadAndWriteLoad/Sync/NoCache/real_time/threads:16,iteration,,605856,1113.265632452562,1068.39038814504,14372131.442476545,,16330.0,25260.0
a324abd,2026-04-06T01:27:19+01:00,linuxpc,16,4427,True,31.26,0.397949,50000,ByteCask/PutMT/Sync/real_time/threads:2,iteration,,160,3863244.537569699,235218.98750002062,517.699560706081,,7843518.0,11580416.0
a324abd,2026-04-06T01:27:19+01:00,linuxpc,16,4427,True,31.26,0.397949,50000,ByteCask/PutMT/Sync/real_time/threads:4,iteration,,100,6027098.530030344,225330.54999999367,663.6692564539611,,17153615.0,94339942.0
a324abd,2026-04-06T01:27:19+01:00,linuxpc,16,4427,True,31.26,0.397949,50000,ByteCask/PutMT/Sync/real_time/threads:8,iteration,,72,9295581.847658873,114499.62499998068,860.623910488705,,36425497.0,173810636.0
a324abd,2026-04-06T01:27:19+01:00,linuxpc,16,4427,True,31.26,0.397949,50000,ByteCask/PutMT/Sync/real_time/threads:16,iteration,,64,8197421.608201694,76894.87499995646,1951.833242783519,,74729320.0,190984149.0
a324abd,2026-04-06T01:27:19+01:00,linuxpc,16,4427,True,31.26,0.397949,50000,RocksDB/PutMT/Sync/real_time/threads:2,iteration,,258,2986208.558179142,259432.71317828668,669.745585760263,,4350074.0,17714162.0
a324abd,2026-04-06T01:27:19+01:00,linuxpc,16,4427,True,31.26,0.397949,50000,RocksDB/PutMT/Sync/real_time/threads:4,iteration,,224,3329635.7100230777,144900.21428572322,1201.3326226526674,,9296377.0,27508476.0
a324abd,2026-04-06T01:27:19+01:00,linuxpc,16,4427,True,31.26,0.397949,50000,RocksDB/PutMT/Sync/real_time/threads:8,iteration,,80,11145802.250030102,142003.51250000822,717.759011019453,,30279760.0,186836435.0
a324abd,2026-04-06T01:27:19+01:00,linuxpc,16,4427,True,31.26,0.397949,50000,RocksDB/PutMT/Sync/real_time/threads:16,iteration,,32,29653613.592017792,128408.74999994737,539.5632458199599,,354722783.0,354722783.0
a324abd,2026-04-06T01:29:05+01:00,linuxpc,16,4427,True,31.26,0.678711,1000000,ByteCask/Recovery/real_time,iteration,,4,140761491.2459394,1165105.2499996873,,,,
a324abd,2026-04-06T01:29:05+01:00,linuxpc,16,4427,True,31.26,0.678711,1000000,ByteCask/Recovery/Parallel/1/real_time,iteration,,3,273409123.9981353,270196395.3333338,,,,
a324abd,2026-04-06T01:29:05+01:00,linuxpc,16,4427,True,31.26,0.678711,1000000,ByteCask/Recovery/Parallel/2/real_time,iteration,,3,211600128.3478302,4081091.333332528,,,,
a324abd,2026-04-06T01:29:05+01:00,linuxpc,16,4427,True,31.26,0.678711,1000000,ByteCask/Recovery/Parallel/4/real_time,iteration,,4,154579554.74266782,4691258.499999851,,,,
a324abd,2026-04-06T01:29:05+01:00,linuxpc,16,4427,True,31.26,0.678711,1000000,ByteCask/Recovery/Parallel/8/real_time,iteration,,4,142879045.00088188,5101430.999999934,,,,
a324abd,2026-04-06T01:29:05+01:00,linuxpc,16,4427,True,31.26,0.678711,1000000,ByteCask/Recovery/Parallel/16/real_time,iteration,,4,143096883.00272682,5903411.500000289,,,,
a324abd,2026-04-06T01:29:57+01:00,linuxpc,16,4427,True,31.26,0.667969,1000000,ByteCask/Recovery/real_time,iteration,,4,129865017.25390553,1146005.5000003243,,,,
a324abd,2026-04-06T01:29:57+01:00,linuxpc,16,4427,True,31.26,0.667969,1000000,ByteCask/Recovery/Parallel/1/real_time,iteration,,2,271211657.99326265,261345626.49999982,,,,
a324abd,2026-04-06T01:29:57+01:00,linuxpc,16,4427,True,31.26,0.667969,1000000,ByteCask/Recovery/Parallel/2/real_time,iteration,,3,212835776.9882617,4502134.666666416,,,,
a324abd,2026-04-06T01:29:57+01:00,linuxpc,16,4427,True,31.26,0.667969,1000000,ByteCask/Recovery/Parallel/4/real_time,iteration,,4,159473878.7607639,4711591.499999557,,,,
